2479 3508
510 393 1883 458 re uisum est . Rectorem assummere : qui omnibus prsidens : imbecillos ac poten¬
501 438 1874 503 ciores pari iure gubernaret : Erat per idem tempus inter bohemos uir nomine
503 513 1937 556 Crocus : iusticie opinione insignis : ac propterea magne aput uulgus
510 528 1880 590 auctoritatis : hunc sibi principem diligunt : summamque ei rerum com¬
489 573 1827 634 mittunt : Cuius tanta moderatio fuit : ut non aliter quam pater a
522 623 1868 682 prouincialibus coleretur : Neque enim ad suam uoluptatem : Sed pro subditorum
513 671 1910 736 utilitate ac quiete prouinciam rexit : ferocemque populum : non tam imperio
513 719 1901 790 quam beniuolencia : quietum continuit hic autem aput Stennam condidit :
513 798 1894 840 quam de suo nomine crocouiam nuncupauit : Moriens autem tris filias
522 846 1895 893 reliquit : brelam que castellum brelum exedificauit : herbarumque ac medicine
512 898 1934 946 peritam : terbam siue terbicia : augurem : ac sortilegam : terciam libussiam
515 950 1923 1004 que ut natu minor fuit : ita diuinarum humanarumque rerum sciencia maior :
515 996 1908 1052 Hec ueluti una ex sibillis habita post obitum patris : fauente populo plu¬
519 1023 1868 1097 ribus anni prouinciam gubernauit Et priusquam praga edificaretur arcem
525 1074 1868 1148 uicegradensem communit : fuitque suum imperium patribus plebique iuxta gratum
525 1125 1904 1196 postremo non crudelitate aliqua non tirannide : aut secordia usa sed rectum
513 1179 1877 1255 iudicium faciens popularem fauorem obmisit : Contendebant coram ea :
516 1229 1836 1297 duo ex optimabus : de possessione agrorum : sentencia ex boue et equo
516 1289 1871 1357 dicta : potencior humiliori dampnatus : ille tanquam iniuria esset : po¬
516 1349 1842 1414 tenciorem in iudicio succumbere : populares appellans : indecorum esse
525 1402 1880 1473 indignumque ait : tantum populum : tot proceres : tantum imperium : unius fe¬
519 1465 1842 1530 mine subesse arbitrio : ad cuius uocem excitata multitudo : muliebre
528 1522 1845 1584 regimen accusare : uicinarum gencium mores in medium abducere : uirum
525 1579 1913 1647 qui sibi dominetur expetere : libussa indicto silencio : desiderium se populi
513 1638 1889 1706 animaduertisse dicit : neque se illos eo frustraturam : iubet ad idem posterum
525 1698 1862 1760 redeant : obtemperatum est : tum atque reuentum · libussa in concione : ubi ad¬
513 1755 1871 1820 esse multitudinem uidit Ego uobis inquit bohemi usque in hanc diem :
531 1820 1859 1888 placide : moliterque : ut mulieribus mos est imperaui : Nulli quod suum
522 1877 1865 1951 esset eripui : nullum lesi : Matrem experti estis : non dominam at
534 1931 1848 1999 uobis meum regimen ingratum est : More humanii ingenii mecum
531 1982 1839 2050 agitis : Nichil diu placet homini / piumque iustumque principem desiderant
534 2044 1865 2103 populi : magis quam ferunt : Estote igitur iudicatu meo liberi : uerum qui
531 2095 1862 2157 uobis presit : quique suo arbitratu capita uestra iudicet : sicut optastis :
525 2152 1854 2214 dabo : Ite equm meum albicantem sternite : atque in campos late patentes
525 2209 1827 2274 adducite : Liberum effrenemque ibi dimittite : sequentes eum quoque iecit
519 2268 1889 2327 Curret equus aliquandiu : denique ante uirum subsistet : in mensa ferrea
528 2325 1901 2384 comedentem : ille michi coniunx erit : uobis princeps : Gratus sermo concioni
525 2376 1824 2441 Emissus equus decem passuum percurrit postremo ad flumen bieli : ante
525 2421 1836 2482 aratorem constitit nomine Primislau : Sequti proceres popularesque postquam
