2479 3508
501 358 1824 422 dulfus cardinalis qui causa cognita delictum puniat : Is uocatum Gebardum
513 405 1818 470 cum minime pareret Sacerdotio abdicauit : Sed rogatus a clero dignitatem
510 447 1854 521 ei restituit : Iubens et ipsum et Iohannem intra annum coram summo sacer¬
501 501 1836 566 dote se exhibere : paruerunt ambo sacerdos maximus ambobus auditis
510 552 1871 628 Gebardum amouere sacerdotio statuit : fecissetque nisi preces interuenissent
504 605 1848 682 Mathildis uirginis filie bonifacii ducis lucani : que tum rome fuit :
501 659 1848 727 ex bohemorum sangwine orta : hec est illa mathildis fama inclita
507 710 1859 781 Et aput historicos late memorabilis que a rodicofano Senensi agri
507 764 1773 837 oppido usque Ceperanaum interiacentem terram donauit ecclesie ‧
513 823 1865 897 posteri patrimonium beati petri appellauerunt : huius ergo interuentu Ro¬
519 880 1824 948 manus presul utrunque sacerdotem sua doecesi contentum esse : ac
507 949 1456 1008 remissis iniuriis in patriam reuerti iussit.
656 1056 1585 1124 ¶ Historie bohemice liber primus desinit
746 1119 1459 1181 Secundus incipit lege feliciter
698 1202 1848 1264 nter hec leopoldus : austrie Marchio : morauiam latrociniis
689 1259 1886 1318 magis quam iusto bello infestam reddit nec conradi aut othonis
680 1313 1889 1372 qui tunc prouincie presidebant : preces audit : illi fraterna sola¬
668 1370 1857 1429 cia expetit : uratislaus collecto raptim exercitum austriam
525 1426 1880 1485 ingressus instar horride tempestatis : obuia queque prosternit : occurrentem
507 1480 1865 1539 leopoldum prelio uictum in fugam conuertit : ipse onustus spoliis domum
516 1537 1889 1599 reuertitur : post hec anno ‧vl‧ et ‧lxxx supra mille ab ortu saluatoris
507 1591 1836 1655 Cristi apud magunciam in concilio principum ab imperatore henrico
510 1638 1830 1712 eius nominis quarto rex declaratur Morauorum : regno quod supra
510 1695 1859 1775 extinctum diximus in bohemiam translato : polonia : Sclesia : lusacia
510 1755 1895 1835 Morauia bohemorum imperio adiecte : Gilbertus treuerorum archiepiscopus
507 1803 1895 1885 cum eo pragam missus : Qui coram prouincialibus Regem iungat Rega¬
513 1859 1857 1933 libusque adornet insignibus : id eodem anno factum : ac clamante populo
522 1916 1830 1984 uratislao regi salus honor atque uictoria : Suatana quoque regina
510 1958 1842 2041 Cum eo coronata : Mortuus est per idem tempus iohannes morauorum
522 2009 1040 2081 episcopus : Cuius ecclesia instante
1143 2029 1842 2088 Gebardo : pragensi unita est : Que
522 2062 1871 2139 res illi maioris insolencie fomentum fuit : adeo ut presente rege interesse
507 2113 1821 2193 diuinis minime dignaretur : ob quam causam Vratislaus indulgente
510 2170 1919 2250 allexandro papa tercio nacione Senensi : Collegium canonicorum regularium
513 2226 1874 2303 in arce pragensi erexit : In qua dum res agitur diuina : non prepositus
510 2280 1898 2354 tantum sed decanus et sacerdos diaconusque et subdiaconus rem diuinam
507 2340 1898 2414 facientes episcopalibus ornamentis utuntur : Et prepositus quidem cancellarius
522 2391 1854 2456 regnis appellatus : principis honore defunguntur fundacione autem eius
