2479 3508
674 372 2039 437 pragam forte aduenientem : aggressus adalbertus : pontificialem ei chathedram
665 417 2065 482 offert : Qui cum esset regis frater : Ex rege natus : facile populum sub religione
662 468 2003 527 continere posset ‧ Nam sibi non esse facultatem eius regende plebis que
662 516 2045 578 rapinis et adulteriis assueta : Ius easque omne contemneret : Stratiquas mun¬
665 558 2030 628 danas dignitates : quasi malas pestes effugiendas esse : Respondit mo¬
668 614 2012 676 nasterium sibi et presentem uitam suaem prestari : Et futuram promittere
668 700 973 730 meliorem : In eo
1068 697 2053 743 se uiuere morique uelle : Scribunt autores : adalber¬
662 719 2021 781 tum hiis auditis prophetico spiritu plenum Stratiquati dixisse : poteras
668 767 1982 837 modo pontificiali honore defungi ‧ cum salute defungi : At quod nunc
671 820 1994 882 recusas : In perniciem tuam uehementer expetes : abisse deinde Romam :
662 871 1991 930 ac cum fratre suo beate uite Gaudensio in monasterio sancti alexii
674 919 2003 984 tamdiu delituisse : donec iussu pontificis maximi suas oues repetere
668 967 2003 1037 iussus est : Quibus cum esset prorsus ingratus in hungariam profectum
667 1059 1038 1091 Regem Sthephanum
1226 1061 1998 1095 baptisasse quem inter sanctos relatum
668 1080 2036 1145 aiunt : Exinde poloniam ingressum Gaudensium fratrem in ecclesia ges¬
674 1134 1985 1196 nensi predicaturum ewangelium : pontificem ordinasse : postremo
671 1185 2030 1246 prutenos adisse : aput quos dum cristi legem predicat : gladio cesum
671 1235 2101 1297 martirio uitam finisse : Interea Stratiquatem mutato proposito pragensem
658 1321 804 1352 ecclesiam
1003 1326 2018 1362 poposcisse : neque repulsum paterno regioque fauore
665 1346 2006 1408 adiutum : Sed aput Maguntinum archipresulem agit : Sacris de more
662 1397 2039 1461 imbuendus inter duos episcopos iacentem pronum : diabolico spiritu arreptum
656 1438 2000 1512 tamdiu uexatum donec animam exhalauit : deo dato nacionem theuthonicam
659 1492 2003 1563 ecclesiam comissam : Boleslaus duobus et triginta annis imperio potitus
650 1546 1967 1614 ex uita decessit : Relicto successor filio sui nominis boleslao tercio :
656 1597 2033 1661 huic mescho polonorum princeps : Crocouiam per fraudem eripuit : bello deinde
656 1647 1985 1709 orto uastatis agris : Inducie demum dicte : Statutumque uti ambo duces
656 1695 2045 1757 apud crocouiam conuenirent : Boleslaus accepta fide eo pergit : atque in conuiuio
662 1749 1973 1811 captus : luminibus priuatur : Comites eius crudeliter necati : exceptis
662 1803 1997 1859 ursonicensibus : Insidiis consciis scribisque participibus : qui domum reuersi
662 1856 2015 1912 tamquam magno ex periculo euasissent : publicam fidem atque iusiurandum
659 1907 2051 1969 Et iura hospicii a polono uiolata queruntur : ubi fides habita : Ianurem
650 1967 1809 2029 Boleslai fratrem dolo necare conantur : Cochares inter
1866 1964 2018 2021 ursoui¬
656 2020 1991 2082 censes : consilio : opibus : auctoritate maior : adolescentem sub specie
662 2074 1991 2133 uenacionis in siluas tractum : ad stipitem arboris alligatum : Sagittis
659 2128 2027 2187 confodi iubet : fama est diuum iohannem baptistam precibus exoratum :
650 2179 2009 2244 hirsuto tegmine sagittas excepisse : uxoremque eius per uisum commo¬
656 2232 2045 2294 nuisse : periclitanti uero Vt opem ferret : Interea famulum principis
650 2283 2048 2348 Onoram nomine : ex periculo prolapsum prodicionem populo exposuisse :
650 2337 2060 2405 Illum tanta nouitate commotum correptis mox armis in siluam procurrisse
638 2385 1997 2453 Captisque proditoribus atque occisis : ducem saluum reduxisse : In eo loco
