2479 3508
743 381 1934 446 operibus adornata : inter que pretorium et forum et letam curiam
743 426 1922 491 et collegium imperatoris : Caroli munificis efferunt laudibus
743 471 1955 539 iungitur autem minori prage : lapideo ponte quatuor et uiginti
743 516 1898 590 arcuum nouam ciuitatem a ueteri fossa disiungit : profunda
740 561 1883 631 et utrinque munita muro : Et in quam facile fluminis
740 605 1913 676 aqua deriuari potest : hec quoque ciuitas ampla est : Et
740 656 1868 721 ad colles usque protenditur : quorum alterum sancti caroli :
743 707 1877 766 alterum sancte katherine appellant : tercium uicegradum
743 749 1943 814 in arcis modum exedificatum : ubi et collegium est : Cuius anti¬
713 796 1886 855 stitem et cancellarium regni et principem uocant : post
755 841 1940 903 pragam litomesle : altera in bohemia pontificialis ciuitas
746 880 1898 951 uicina morauiis : Cuthna haut quoque parui nominis
743 940 1931 1002 habetur : ubi argenti inexhauste uene suffoduntur : quamuis
740 987 1851 1049 nostra etate sepius capta : exustaque fuerit : Et in ipsas
740 1038 1943 1097 argenti fodinas pluuiales aque deriuate : Nec buduicium
740 1083 1889 1145 contemnere oportet : Eque splendidum : Et munitum habet
734 1128 1913 1193 et nomen Slagenuerdium : Cadanum : Luna et utraque broda :
743 1173 1898 1238 altera bohemica altera theutonica budigne colonia :
734 1223 1922 1291 litomericium et quod reginis dotale dicunt : Grecium pons
740 1271 1874 1351 insuper : noua domus neuburga : pogie bratium :
740 1328 1895 1402 Hauscha : et diutina obsidione memorabilis pelczina
734 1379 1922 1449 traciorum quoque ciuitas Et si bohemie dederis iglauia :
737 1426 1889 1500 qua iter est in morauiam : postremo arx hereticorum
740 1483 1952 1551 asilumque : thabor memoria nostra : ex ruinis alterius Hausche
737 1540 1946 1605 difficili loco conditum oppidum : Et a sigismundo cesare
734 1594 1895 1658 ciuitatis honore donatum : Gelida prorsus regio pisce
737 1644 1937 1709 atque armentis habundans : tum uolucre : ferisque : frumenti
749 1692 1910 1760 ferax : Sicera pro uino utitur illli ceruisiam uocant : quasi
734 1743 1979 1805 ex cerere factam : Agger toto regno optimus : circa czaczium
731 1788 1883 1853 Colles aput litomericium consiti uineis : uinum quod nascitur
734 1841 1925 1906 acerbum : diciores ex austria atque hungaria inportato
734 1898 1919 1954 Vtuntur : Sermo genti : Et dalmatis unus : mos uetus in hanc
734 1952 1886 2014 usque diem seruatur in templis sermone theuthonico plebes
731 2009 1910 2070 docent : in cimiteriis bohemico : ubi secularium presbiterorum :
731 2065 1907 2136 collegia sunt : aut monachorum predia possidencium : Solis
731 2125 1913 2187 mendicantibus libertas fuit : qua uellent ligwa populum
728 2179 1916 2250 instruere : que res palam indicat Regionem ipsam olim
731 2238 1839 2300 theuthonicam fuisse : sensimque subintrasse bohemos :
704 2283 1877 2351 Quod strabonis testimonio confirmare licet : Cuius hec
722 2337 1922 2399 uerba septimo commentariorum inuenies · Sennones sweuorum
728 2394 1845 2456 nacio ut superius dixi : partim intra : partim extra
