2479 3508
662 417 2060 485 acceptisque filiabus : affinitas utrinque iungeretur : prouincie de quibus lis esset :
659 462 2060 530 dotales fierent : adeptus austriam Rodulfus othokarum in uerba sua iurare
662 504 2054 581 more maiorum exposcit : id superbo regi grauius uisum : tanquam ex domino seruus
668 552 2039 634 fieret : Exoruntur noue lites : Exin bellum indicitur : Cumque iam duo ex¬
668 596 2027 682 ercitus ad mille passus : alter alteri proximus : conuenissent : ueritus
665 650 2003 727 othokarus rodulfi potenciam : in iustamque belli causam animo uoluens :
662 698 2045 775 legatos mittit : qui se iuraturum dicant : si modo intra tentorium imperiale
665 749 1165 811 honoris sui causa fieri
1165 761 2063 820 rudolfus uelit : accepit condicionem imperator :
674 799 1994 870 pocius quam belli fortunam experiatur ‧ Suggestum in tentorio sublime
674 850 2071 924 paratur : ibique aureum solium eminenciori loco erigitur : Rudolfus diademate
662 898 2074 975 et imperialibus insignibus conspicuis : Confidentibus electoribus imperii :
668 952 2060 1023 Ceteris baronibus circumstantibus : aduenientem regem sedens expectat ‧
671 999 2080 1073 Ille cum paucis regni sui optimatibus ingressus : Concensso sugesto :
671 1056 2048 1124 ad pedes imperatoris genua flectit : perinde ex ueteri conswetudine
662 1110 1994 1178 admotis sacrosanctis iureiurando se adigit : Interea tentorium arce
677 1161 2098 1229 compositum : a summo usque deorsum in quatuor proscissum partes decidit
677 1217 2018 1282 Regemque ut erat in alto loco ad imperatoris genua supplex : uidendi
674 1271 2077 1336 exercitibus prebuit : Stabant circum armate acies : rei exitum spectantes
665 1325 2048 1387 Sed quam leti theutones gloriosum imperatorem intuebantur : tam mesti
668 1388 2021 1447 tristesque bohemi regis sui uecordiam : atque ignauiam excipiebant : Qui
674 1444 2039 1509 seruire imperatori : magis quam prelium experiri uoluisset : Stupefactus
668 1498 2021 1557 ea re : Othokarus quamuis dolo magis quam casu : Cecidisse tentorium
671 1555 2000 1614 non ignoraret : subticendum tamen in presencia censuit : petitaque ab
671 1611 2015 1667 imperatore uenia : plenus irarum domum rediit : Quem tametsi sua
693 1665 2012 1722 sponte satis fureret : magis tamen ac magis uxor intendit : Que
668 1719 2024 1781 cognito rerum successu : aduenientem regem hisce uerbis alocuta fertur
668 1776 1994 1841 Heccine nobis spolia : hanc belli adoriam domum refers : dediti
674 1832 1988 1888 omnes hodie tua opera : ueluti mancipia : ueluti pecudes summus
668 1886 1979 1951 Regina prouinciarum bohemia : tributaria facta ‧ Cum te olim
662 1943 2006 2008 Superasse prelio tartaros : exuisse castris Hungaros Stiriam
668 2000 2036 2056 armis adeptum esse : In italiam cum exercitu penetrasse audiueram
665 2047 2054 2112 Felicem me que tali nupsissem uiro patrem qui me regi magnanimo
668 2101 2027 2169 tradidisset : Sapientem existimabant : Neque reginam esse ullam urbe
671 2155 2012 2223 toto : Cui me cedere : oporteret : nunc falsa omnia experior : Namque
668 2215 2021 2279 mulier me infelicior : Quis te uirorum omnium ignauior : austriam
668 2268 2033 2333 prouinciarum nobilissimam : tot urbibus : tot proceribus insignem : nulla
671 2325 2068 2387 necessitate coactus : E manibus tradidisti : Stiriam Carinthiam : Et quas
683 2379 2018 2435 possidebas in italia ciuitates : turpi metu reliquisti Cum comite
662 2424 2027 2482 Habsburgensi : infimi generis : affinitatem contraxisti postremo ei qui
