2479 3508
647 408 1970 491 Magno labore diremit ‧ Carissimus apud uenczeslaum alexius quidam :
650 456 2045 545 pontificio iure consultus : habitus est qui multa de romanorum nobilitate
638 504 2018 596 cum eo locutus : usque adeo animum regis illexit ut Iutham filiam ad¬
647 552 2030 643 modum paruulam in clara ursinorum familia Gentili cuidam matri¬
638 599 1970 697 monio sposponderit : hinc secuta inter ursinos : Et bohemie reges
632 653 2018 751 amicicia : Que apud matheum eiusdem familie Cardinalem plurimi
650 704 2003 802 fuit : Is enim rogatus a Venczeslao : Cotium Urbenetanum utroque iure
632 752 1991 855 consultum in bohemiam misit : Qui regnum sub leges reduceret : Sed
644 808 1976 900 impediuere principes : quibus incerta esse omnia : lucrum est : huius
644 859 1961 948 Venczeslai soror nomine angnes rudolfo nupsit : Imperatoris
647 916 1626 999 rudolfi filio qui prage moriens ibi sepultus
1626 949 2027 1008 iacet : Ex ea natus
638 973 1985 1067 est iohannes qui albertum cesarem patruum suum · circa flumen
641 1026 2003 1112 Renum non longe ab oppido : Sciafusa : dum simul amice  inter agentur
632 1074 2021 1163 Sua manu interfecit : deinde penitencia ductus mentem quintum pontificem
644 1128 1985 1211 maximum ‧ Qui sibi purgacionem indulgeret : apud auinionem
638 1176 1994 1267 adiit ‧ pontifex imperatoris occisor est : ab imperatore iudicandum
638 1220 1979 1315 ait ‧ uenit igitur pisas iohannes : ubi tum cesar heinricus : septimus
650 1271 1358 1345 eius nominis imperator confidebat :
1358 1295 1961 1360 a quo iussus religionem
644 1322 1952 1408 ingredi heremitarum sancti augustini in eaque perpetuo penitere :
638 1373 2000 1452 non recusauit : mortuus est : tandem in eadem urbe Et in ede sui
638 1420 1985 1503 ordinis sepultus ‧ tumulum : eius nos eo anno uidimus : quo iussi
641 1474 1997 1554 ab imperatore frederico tercio sponsam eius Leonoram : ex portugalia
638 1522 2065 1602 uenientem : Sororis tue filiam : cum aliis collegiis ducturi Senas :
638 1570 1961 1647 Excepimus mater eius iohannis cordata mulier fuit ‧ et ingenio
644 1620 2024 1694 feroci : Que cum accepisset : Germanum suum contentum regno bohemie
632 1668 2048 1748 oblatum imperium recusasse : at ego inquit si rerum pociar : glebaque
638 1725 2003 1799 una modo michi desit : aut quod reliqum est subiciam : Aut imperio
635 1773 1979 1859 excidam ‧ ferunt in coronacione Venczeslai : Minus nouem ducenta
638 1823 1994 1903 equitum Milia aput pragam : Ex regia curia cibos accepisse
650 1880 1973 1957 peditum uero infinitam multitudinem pastam ‧ Subiecisse et polonos
662 1931 2006 2011 sibi Venczeslaum : a quibus inuitatus in ciuitate Gnesno diadema
659 1988 1973 2059 suscepit filium quoque sui nominis tredecem annos natum petentibus
638 2041 1982 2109 hungaris Regem dedisse : Sed cum bonifacius pontifex maximus
638 2089 2021 2163 Carolum adolescentem Caroli regis Sicilie filium suum albe coronatum
632 2137 2000 2211 Et sacram simul coronam ad se recepisse : Nec diu postea tercio et
638 2191 1967 2265 tricessimo sue etatis anno ex ptisi obisse : mortem eius bohemos
638 2238 2015 2318 magno merore prosecutos : fuerat enim manswetus : et clementissimus
644 2292 2006 2360 princeps et admirandus opinione sanctitatis que postea Vel mira¬
641 2346 1964 2411 culis confirmata traditur iohanni brixinonensi ‧ Episcopo si uera est
644 2394 2065 2459 fama : qui quietem apparens Cum eum tristem flentemque reperisset
656 2444 1997 2512 Interrogauit que nam esset causa mesticie : dicenti se mortem
