2479 3508
483 361 1812 425 ubi hec acta sunt : Monasterium ordinis sancti benedicti : quod uilischam
492 411 1877 476 appellant : constructum : Et aram maiorem ibi sitam ubi arbor religatum
492 465 1877 530 Ianurem tenuit : Melscho autem coacto exercitu : longe lateque bohemorum
498 519 1815 581 populatos agros : pragam denique obsidione cinxit : Eamque biennio
504 567 1809 634 fame laborantem obtinuit : excepta arce uicegradensi : que in fide
498 617 2030 691 Ianuris mansit : fuerat et alter boleslao frater : quem pater hainrico
489 671 1836 754 imperatori nutriendum dederat ‧ Is audita mesthonis prodicione : Clam
492 731 1824 814 ab imperatore dimissus : Castellum dieviczum : natura et arte munitum
495 790 1859 867 ingreditur Exin coacto raptim milite : colles occupat : qui prage super¬
495 844 1859 927 eminent : tubasque clangere iubet : Mox alta uoce preconem pragen¬
495 904 1886 984 sibus nunciare uictos prelio polonos fugam cepisse : uictorem principem
495 958 1827 1032 cum exercitu adesse : qua uoce accepta polonorum presidium : quod urbem
498 1011 1824 1091 tenebat : metum proculsum excessit : pragenses aucti animo insecuti :
498 1065 1874 1142 Germano suo sive proditoribus suggerentibus : Siue quod etatis beneficio
507 1125 1862 1199 illum sibi preferre uerebatur : effodi oculos iussit : Multa huius facinora
507 1182 1845 1255 referuntur : partim reprehensione, partim laude digna : Inter cetera et
504 1241 1862 1312 illud narratur : redeuntem ex uenacione puellam uidisse in uilla quadam
501 1301 1836 1363 iuxta puteum uestimenta lauantem : nomine bocenam : quod beatricem
507 1355 1859 1417 interpretantur ‧ eleganti forma et moribus supra quam par esset agresti ue¬
501 1408 1910 1473 nustis : captum specie et alloquio modesto quamuis amici aduersarentur :
495 1468 1806 1530 Coniugem accepisse : biczestislaum ex ea natum : Is cum adoleuisset :
501 1522 1851 1587 Iutham imperatoris othonis rufi filiam : que apud ratisponem in
501 1582 1842 1644 monasterio nutriebatur : quamuis numquam uidisset : Sola fama commotus :
516 1638 1830 1703 ui rapuit : solusque cum illa ad patrem perrexit : comitibus uelocitatem
504 1695 1842 1757 eius insequi nequeuntibus : ab imperatore ex fuga retractis atque
495 1755 1836 1820 occisis : non inprobauit pater factum : Sed admiratus audaciam
507 1812 1901 1870 tanti se filium genuisse : gauisus : Matrimonium cum rapta in morauia
507 1862 1821 1933 celebrari mandauit : Tanto prestanciorem filium existimans quanto
507 1919 1803 1984 nobilius est imperatoris : quam uillici filiam amauisse : Imperator ea
501 1982 1845 2044 contumelia motus : iureiurando affirmat : Exercitum in bohemiam
516 2038 1851 2106 se ducturum : neque reducturum nisi prius in medio regionis sedem suam
510 2101 1842 2160 collocet : Contra raptor affecturum se damnis : Theutoniam pari
507 2161 1851 2220 religione promittit : Imperator collecto exercitu bohemiam instat
507 2224 1880 2291 torrentis cuncta secum rapientis ingreditur ‧ Contra · odalricus filiusque
510 2274 1865 2336 castra mouent Iam duo exercitus ad iactum teli conuenerant Cum
513 2328 1919 2390 Iutha ex iniuria bellum ortum : crinibus sparsis : scissa ungwibus
516 2382 1865 2456 facie : uicto periculorum magnitudine muliebri pauore : ausa telis
