2479 3508
537 393 1662 476 Enee siluii piccolominei cardinalis sancte sabine historie
591 447 1442 527 bohemice liber primus incipit lege feliciter
901 513 1922 593 ohemia in solo barbarico trans dannubium
913 567 1770 646 sita · Germanie porcio est : aquilonis flatibus
901 617 1707 697 tota ferme exposita : Cuius ad orientem
913 677 1764 748 Vergens latus : Moraui obtinent : Slesitarum
898 722 1785 802 nacio : Septemtrionem idem Sclesite ac saxones
880 773 1674 852 qui et misnenses et turingi appellantur :
889 829 1800 912 ad occidentem iudicum terra est : Baioariorumque
603 883 1725 957 regio meridionalem plagam cum baioarii : tum austriales
603 937 1704 1014 habent : qui ripas utrasque dannubii accolunt : Nec
603 990 1800 1061 alia bohemie quam theutonum terra coniungitur · Regionis longitudo :
603 1038 1734 1109 latitudoque : pene par · Nam formam rotundam tradunt : cuius
603 1080 1779 1163 diametrum trium dierum itinere expedito pateat : Silua uniuersam
603 1140 1752 1211 claudit : quam ueteres herciniam uocauere : Cuius et greci
620 1191 1746 1264 scriptores et latini meminerunt : Flumina que terram
612 1250 1755 1312 irrigant : Vniuersa in album exonerantur : Hic in montibus
612 1298 1719 1366 exoriens : qui bohemiam Morauiamque disterminant :
609 1343 1764 1420 mediam ferme prouinciam perlabitur : primo in occidentem
609 1397 1773 1479 deinde in septemtrionem uersus : Vbi prouinciam relinquit
609 1468 1740 1542 per angustias moncium : Et abrupta conuallium preceps
615 1519 1794 1596 Saxoniam petit : quam duas in partes dirimens in oceanum
615 1573 1734 1650 fertur : Vbique a rheno flumine equo terrarum spacium
615 1623 1842 1700 distans : quem plerique germane terminum : sermacieque quondam
615 1671 1776 1748 dixere : Sed nostra etate oderam fluuium qui Sclesiam inter¬
600 1725 1788 1805 secat : Et ipsum uistulam : prutenorum amnem : Germania
623 1785 1779 1859 pretergressa albim in alueo continet : amnes aliquos
632 1835 1767 1906 bohemi memorant orlicze quod aquilam signat
626 1886 1791 1960 Egra qui ex nomine opidi quod alluit uocitatur : in terra
618 1943 1806 2011 aduocatorum exoriens : Aput litomericiam albi miscetur :
620 1991 1877 2068 Sed cunctos multauia excedit qui metropolim regni pragam
623 2047 1776 2118 influit : hic saczauam : Et lusinicium : Et misam albim
626 2098 1839 2181 secum trahit Oppida toto regno memorabilia : praga
632 2158 1851 2232 regi pontificique honesta sedes : neque minor neque ignobilius
623 2215 1743 2291 Etrusca Florencia : tris in partes diuisa : quis nomina
626 2265 1755 2342 indidere paruam pragam : ueterem ac nouam : parua
632 2316 1803 2396 sinistrum latus Multauie fluminis occupat : collique coniungitur :
629 2361 1815 2441 in quo sita est regia et sancti Viti pontificiale augustumque
632 2406 1839 2482 templum : Vetus praga in plano iacet uniuersa magnificis
