2479 3508
495 349 1871 428 pepercisse : Monuisseque ne deinceps aliena cuperet : Similem angelorum comi¬
498 393 1854 467 tatum uidisse aiunt imperatorem Cum uenczeslaus adolescens in eius curia
495 441 1827 521 obuersaretur : Eamque ob causam brachium sancti uiti dono ei dedisse : In cuius
498 495 1874 575 honorem cathedralis sedes in praga constructa est : ferunt tunc bohemiam
501 552 1871 631 sub episcopo Ratisponensi fuisse : at propterea cum uenceslaus uolgangium
519 608 1815 685 presulem qui postea inter sanctos relatus est : ad consecracionem eius
495 662 1859 736 basilice summis precibus inuitasset : Respondisse pontificem coram deo iam templum
507 722 1836 793 suum dedicatum esse : quod futurum Metropoliticam cerneret : Missurum se tamen
495 784 1833 852 qui sua uite uenczeslao satisfaceret : Creuerat iam uenczeslai nomen :
495 825 1849 909 Miraque populi caritate atque admiracione celebratur : Sed quanto ceteris dileccior
507 901 1952 969 erat : Ac propterea licet dimittere seculum Et in monachum tonderi : destinasset
495 955 1859 1023 non potuerunt infelices anime sancti uiri propositum expectare : Sed inpacientes
504 1005 1877 1082 more : piam principis intencionem scelere preueniunt : fit conuiuium aput boleslaum
504 1065 1830 1133 matre iubente uocatur uenczeslaus : Qui et si mortem instare predixerit
513 1122 1830 1187 facta tamen cum sacerdote de peccatis suis : Ex more cristiano confessione
510 1170 1865 1238 fraternam domum ingreditur : Ibique statim boleslai manu percussus : interiit
501 1217 1818 1282 Dicat aliquis homicidem sui ipsius uenczeslaum fuisse : negetque celo dignum
507 1268 1842 1336 qui certe se morti obtulerit : nos gothorum instante procella : plurimas
513 1322 1862 1393 rome fuisse puellas legimus : que pudicicie sue uim afferri timentes : Ne
507 1370 1842 1449 in manus hostiles inciderent : in tiberim sese precipitarunt: Que postea
510 1438 1892 1503 miraculis choruscantes sanctorum honores meruere : Venczeslai sanctitati
513 1498 1886 1563 qua die cesus est : Cristum deum testimonium prestitisse : memorie prodiderunt
489 1549 1886 1617 Qui regi dacie per uisum apparens suo martiri edem construi mandauit
504 1603 1886 1676 Ipsum autem Venczeslaum multis miraculis claruisse, atque inter sanctos martires
501 1659 1886 1730 ab ecclesia tradunt : drahomiciam paucis post diebus : suis uatis trahentibus
507 1719 1836 1787 Vltionemque patricidii exigentibus : duos filios reliquisse : Boleslaum
519 1770 1827 1844 paternum nomen referentem : Stratiquatem : Boleslaus imperio potitus :
522 1826 1824 1900 patrui magis quam patris emulator extitit religionem enim Cristi
507 1883 1839 1954 extollens xx ecclesias erexit huic soror fuit Milada eximia specie
522 1937 1836 2008 uirgo Sacris imbuta litteris et multa pollens erudicione ‧ Que cum
513 1997 1859 2065 romam causa orationis petiuisset : a iohanne pontifice maximo benigne
516 2056 1871 2118 excepta, eius auctoritate monasterium sancti georgii In arce pragensi
510 2113 1871 2172 construxit ibique sacerdos consecrata est Eadem quoque sancti uiti edem
516 2167 1851 2226 a uenceslao fundatam in pontificialem eleuari obtinuit : Ditimarus
513 2221 1874 2279 natione Saxo et opinione sanctitatis insignis : primus ibi episcopus conse¬
513 2274 1868 2336 cratus : Cui adalbertus successit : nobili genere aput bohemos natus
507 2331 1821 2396 Stratiquas boleslai frater relicto seculo apud ratisponam : baioarie
513 2388 1883 2456 ciuitatem ‧ In cenobio sancti emerami Monasticam uitam elegerat : Quem
