2479 3508
644 393 1994 461 homo est cui non iussit aliquid homini : Eo deus in terra : Et in hac trans¬
638 438 2000 509 itoria uita remunerat Neque enim mole malorum obstante celestem conferre
641 483 2045 551 lucem potest : Vicia aput inferos plectuntur : iuris bonis : quis terra clausa
635 534 2006 602 est celum patet : peregrina in terra uirtus : in celo ciuis Cisca igitur
638 581 2021 643 ciacho et ptascho quos felices bohemi credidere tot preliorum Victores
638 629 2006 691 tanto imperio predictos : Coranda quoque Et iacobellus : quibus Velut
632 674 1982 742 apostolis cristi aut angelis e celo missis populorum aures patuere
635 731 1976 793 cum procopiis pugna cesis : tum iohanne at ieronimo constancie
632 779 2018 843 in magno sinodo igni damnatis : aput inferos penas dant temerate
638 826 1988 894 religionis eternumque dabunt : Eosque procul dubio : rochezezana sequetur :
635 877 1973 945 Et qui ei auscultant : diuine legis temeratores Nisi ante finem uite
644 931 2033 996 sue respierint · Viri constantes : qui uel exilium uel carcerem : uel cedem :
641 982 1997 1043 pro testamento cristi fortiter pertulere cum rege suo in celo regnant :
629 1026 1967 1100 Ex aliena uictoria triumphantes : quorum multa milia bohemia tulit :
632 1077 1952 1148 Nam sicut hussitarum insania bohemicum nomen labefactauit : ita et
638 1131 2003 1205 forcium uirorum constancia illustrauit : Nec prouincia est : que tempore nostro
641 1179 1955 1243 plures cristi martires quam bohemia produxerit : inter quos equitem
632 1229 1997 1294 fuisse non est ambiguum : nobilibus parentibus ortum : quem captum ab
638 1286 2006 1348 hussitis : admotum ignibus : pedes primum : deinde tibias : mox genua
626 1337 1964 1402 coxasque : postremo reliquas partes corporis : exuri passim : potius quam
620 1394 1982 1455 illorum insanie consentiret : admiranda sunt : que tempestate nostra
632 1453 1982 1512 inter bohemos emersere siue pacem : siue bellum recenseas : Michi
635 1507 1979 1575 Vero dum ualitudinis causa in balneis uiterhiensibus ago : procul
623 1564 1937 1632 ab negociis curie : haut indigna cura uisa est : res bohemicas
632 1620 1982 1688 scribere : atque hominibus nostris : ex barbaris que partim uidimus
629 1674 1940 1745 partim uero auditu accepimus digna memoratu nota efficere :
626 1731 1997 1805 multa enim sunt que in communi nosse perutile est : hec dum cogito :
626 1785 1970 1859 Cuius potissimum nomini dedicem : tu primus occurris : qui seculum
615 1847 1967 1915 nostrum non doctrina solum : ac bonis moribus : Sed splendore quoque
623 1904 2045 1978 rerum gestarum exornas : Et quasi clarissimum quoddam sidus illustras ·
626 1961 1961 2032 tibi ergo bohemicam historiam dedico : Nam tuo nomini inscripta :
626 2012 1925 2088 facile cum rerum tuarum noticia : quas doctissimi celebrarunt :
618 2068 1970 2142 Ad posteros transferetur : hac ego ab origine gentis in hanc usque
609 2122 1958 2202 etatem : Si deus dabit : producam : In qua est et si uetera digna
615 2179 1943 2253 sunt memoria : illustriora tamen noua existimo : que cum certa
609 2232 2003 2300 tum admirabilia sunt : Nec mea sentencia regnum ullum est : In quo
609 2295 2045 2360 euo nostro : tot mutaciones : tot bella : tot strages : tot miracula emerserunt :
612 2346 1991 2411 quot bohemia nobis ostendit : Nec ego tue maiestati libens pandam ·
609 2397 1952 2465 Vale · Et quod ab homine tibi deditissimo mittitur : quodcumque est legito
606 2444 886 2497 bonique consule ·
1038 2477 1373 2536 Finis prefacionis
