2479 3508
656 396 2054 470 audiuit : ex composito cum armatis puellis adest stiradum incautum capit : Comites
656 441 2009 509 eius obtruncat : ferunt dum hec agerentur : auditum tota silua : ingentem ueluti
659 489 2080 560 ridencium strepitum : ubi dum esset hominum solitudo : creditum demones de puellarum
662 537 2045 605 facinore : ac falacia cachinnatos : illas uero instructo exercitu Stiradum catenis
668 584 1997 658 uinctum conspectum arcis uicegradensi deduxisse ibique pro spectante bohemorum
671 632 2018 709 principe nobilem uirum : rote supplicio : quod est inter germanos atrocissimum ac
659 683 2027 760 miserrimum peremisse post hec iam plane regionis dominas : uiros sibi asciuisse :
656 728 2027 805 ex quorum complexu nouis fetibus rempublicam : sustentarent : Sancitumque lege :
668 779 1976 852 uti nate femine diligenter asseruarentur masculis dextri oculi eruerentur
659 829 1979 897 amputarentur que pollices ne uiri facti aut arcus tendere : aut armis uti
662 877 2063 945 ualerent : idque aliquamdiu factitatum : Septem annis ea pestis bohemiam afflixit :
656 925 2003 990 tributariaque magna ex parte prouincia uirginibus fuit : qui detrectauerunt
665 970 2045 1035 imperium intra menia clausi nusquam exire audentes : magnis incomodis affecti
668 1020 2009 1082 sunt : denique cum neccessaria deessent : eoque perducta res uideretur : ut coactos fame
656 1071 2000 1133 dedicionem facere oporteret : tumultuarie principem adeunt dirum puellarum bellum
653 1119 1976 1187 deplorant : ignauiam ducis accusant : Malle se feminis obedire : quam perire
662 1167 2003 1235 inedia dicunt : aut populum tuatur aut meliori cedat probris : ac contumeliis
656 1217 1982 1279 minas adiciunt : primislaus tot angustiis circumuentus : cum non tam armis :
656 1271 1994 1333 quam sortibus ualeret : plebem paucos adhuc dies expectare hortatur : id si
659 1325 1126 1381 faciant : puellarum exicium
1237 1322 1982 1381 imminere : paret multutudo ipse medio tempore
668 1376 1967 1429 ualasche scribit in uisu suo optimates prouincie arma in eam supresisse :
668 1417 2068 1485 placere sibi eos dedisse penas Se illam filie loco amare : neque inuidere principatum
633 1477 2012 1536 Que coniugia sue libusse discipula extitisset : Imperium sue deberi que bohemia
659 1528 2024 1593 uirili audacia bello attriuisset Senium suum regno ineptum : Neque filio Impuberi
656 1579 1997 1647 gubernacionum credendam : monetur ut arcem uicegradensem ex manibus suis
659 1632 2030 1691 accipiat : Sic bohemiam totam in potestatem uenturam : filio quam uelit partem
659 1692 2030 1751 faciat : Sibi priuato quod restat etatis uiuere liceat : atque in agrum reuerti
653 1740 2003 1799 quem reliquisset inuitus potestatem quam sibi femina tradidisset : iure optimo
653 1794 2003 1853 se femine restituere : Capitur ualascha suis artibus : missaque puellarum cohorte
650 1844 2003 1903 tradi sibi arcem postulat : intromisse uirgines aput principem opipare epulantur
647 1895 1967 1954 Interea prosilientes ex insidiis armati iuuenes : puellas omnes trucidant : Nec
644 1952 1792 2008 morari castellum dieuiczum cum exercitu petunt ualascha te cognita
1854 1946 1970 1998 furore
644 2003 1985 2059 amens : Cum paucis obuiam egreditur : consertoque prelio priusquam comites assint : dum
659 2047 1982 2112 strenue pungnat : inter hostium turmas occiditur : Subsecute uirgines ubi dominam
644 2098 1979 2154 cecidisse cognoscunt : non tam spe uictorie : quam ulcionis ardore : certamen
647 2143 1970 2205 instaurant pungnatum est aliquamdiu : nunc huc : nunc illuc uictoria inclinante
644 2194 1973 2256 ad extremum infeliciter preliantes femine : Cesis quam pluribus : fuge se commiserunt :
638 2238 1973 2303 Subsecuti hostes uno angmine uictores . Cum uictis castellum nucupere :
653 2292 1991 2354 potitique arce quidquid feminei sexus inuentum est : ferro extinxere : atque hoc pacto
650 2346 2033 2411 magnanimi iuuenes dominatu femineo bohemia liberarunt Valascha inter clarissimas
650 2400 1985 2465 feminas numeranda : plus ausa quam sexui suo congrueret : insepulto ca¬
