2479 3508
513 369 1943 452 siluam habitat : Getarum contermina genti : sweuorum quidem gens amplissima :
504 429 1845 497 E reno siquidem : usque ad album peruenit fluuium : Eorum porcio eciam
504 489 1868 557 trans albim loca depascitur quemadmodum : eumondori : Et lancosargi
501 549 1886 625 hec strabo : plebs toto regno bibula : Et uentri dedita : Supersticionumque
516 602 1874 676 sequax et auida nouitatum : Quociens crethense uinum caupones
516 659 1859 730 uenale proponunt : Inuenies complures : qui iuramento adacti nunquam
504 707 1842 781 cellam uinariam egredientur : nisi exhausto dolio : idem efficiunt
501 758 1827 829 in selectis ex italia uinis Qui paulo excellunt atque inter plebem :
507 796 1910 879 nobilitatemque medi sunt : audaces : uersuti : ingenio uario : lingua precipiti :
516 862 1901 930 rapinarum auidi : Et quibus nichil satis esse possit : nobilitas glorie appetens
507 922 1842 987 belli perita : periculorum contemptrix : ac promissi tenax : quamuis eius
510 979 1871 1040 ingluuiem Explere dificilimum : at uniuersum simul Si expendas populum
474 1029 1827 1094 Quomodo autem et unde : hoc genus hominum : in germaniam uenerit :
501 1083 1874 1145 Scripsi iam pridem integerrimo et prestantissimo patri dominico Car¬
510 1140 1854 1202 dinali firmano : tue serenitati amicissimo : id hoc loco repetere non
507 1193 1848 1258 grauabor quando historie quam teximus omnino quadrat : bohemi : sicut
507 1241 1889 1309 ceteri mortalium : originem suam quam uetutissimam ostendere cupientes
507 1301 1836 1363 Sclauorum se prolem asserunt : Sclauos autem inter eos fuisse : qui post
513 1355 1862 1414 uniuersale diluuium condende famosissime turris : babel autores habentur
507 1405 1851 1467 atque ibi dum ligue confuse sunt : Sclauonos id est uerbosos appellatos
525 1462 1871 1521 proprium ydeoma accepisse : Relicto deinde campo : Senaar ex asia in
513 1513 1845 1569 europam profectos : eos agros occupasse : quos nuc bulgari serui
513 1561 1851 1626 dalmacie croaci : Ac bosnenses incolunt : nondum ego quempiam
522 1614 1901 1679 legi autorem cui fides adhibenda sit : qui tam alte sue gentis inicium
519 1674 1889 1733 redderit : hebreos excipio omnnium mortalium primos Multi ex germaniis
525 1728 1865 1787 satis se nobiles arbitrantur : Ex romanis ortos : Romani ex teucris
522 1779 1865 1838 originem ducere : gloriosissimum putant : Franci qui et germani
525 1835 1848 1897 fuerunt : troianum se sangwinem esse dixerunt : Eadem britannis
519 1892 1874 1951 gloria satis est : Qui brutum quendam exilio profectum generi suo
528 1946 1842 2008 principium dedisse affirmant : At bohemi longe alcius orsi ab ipsa
519 2003 1922 2065 confusionis turre se missos iactitant : Ceterum nec qui tunc fuerint
519 2056 1892 2118 nec quem regem habuerint : nec cuius terre cultores extiterint
522 2104 1827 2169 nec sub quo duce : nec quibus periculis in europam uenerint :
519 2158 1919 2220 nec quo tempore : tradunt fuisse illic Sclauonos aiunt : dum labium
531 2218 1848 2276 uniuerse terre confusum est : Vana laus ac ridenda : Quod si qui
522 2271 1940 2333 bohemos imitari uelint nobilitatem generis Ex ipsa uetustate querentes
522 2325 1859 2390 non iam ex turri babilonica : sed ex archa noe atque ex ipsa deliciarum
534 2385 1854 2447 paradiso primisque parentibus : Et ab utero eue unde omnes egressi :
