2479 3508
635 381 2018 446 stantem equum et aratori blandientem adulantemque uiderunt : accedentes propius : Salue
635 420 1979 488 inquiunt bone uir : quem nobis superi dederunt principem Solue boues : atque
626 468 1985 533 ascenso equo nobiscum uenito : libussa te uirum : bohemi ducem poscit : agrum
632 522 2039 581 tolere : gregem pascere : nauem regere texere : suere edificare multi se igno¬
641 564 2006 623 rare fatentur Magistratum in urbibus agere : Regem gerere : gentibus ac
632 611 1970 673 nacionibus imperare : quod est difficilimum : nemo sibi a natura negatum
626 662 1979 721 dicit : Et si plerique sine laboris odio : sine ocii amore : oblatis regnis
626 713 2048 769 abstinuere : primislaus quamuis agrestis : benigne nuncios excipit : facturumque
644 758 1985 823 postulata respondit : tanta est mortalibus regnandi cupido : nemo se
632 802 2006 873 regno indignum deputat : solutos boues : ut fabulositas est omnis anti¬
609 862 2009 924 quitas : Eleuatos in aera ferunt : Et in altissima proscisse rupis speluncam
626 916 1985 975 delituisse : nunquam postea uisos : stimulum uero : quo boues urgebantur : terre
629 967 2057 1029 defixum : mox fronduisse : at tris corili ramos emississe : Ex quibus statim
632 1017 1949 1082 duo exaruerunt : tercium in arborem eius generis : proceram excreuisse :
638 1071 1955 1133 Non recipis ad me ueri huius periculum : Aput autores ista querantur
644 1125 2036 1184 uidi tamen inter priuilegia regni litteras caroli quarti Romanorum impe¬
638 1182 2030 1238 ratoris diui sigismundi patris : in quis hec tanquam uera continentur : uilleque
641 1238 1994 1294 illius incole : In qua gesta creduntur : libertate donantur : nec plus tributi
644 1292 1970 1348 pendere iubentur : quam nucum illius arboris exiguam mensuram : Sed nec
641 1346 1988 1408 michi carolus : fidem facit : nam reges plerumque creduli sunt : nec quidquam
638 1399 1985 1467 non uerum putant : quod generis sibi claritatem astruit : primislaus
641 1456 1970 1521 igitur audita legacione inuerso uomere : pane caseoque apposito : uiam quasi
632 1510 1985 1572 grandem facturus : cibum sumpsit : Ea res bohemorum animos confirmat
632 1561 1991 1632 mensam ferream de qua libussa uaticinata fuerat in uomere cognoscentes
626 1617 2000 1679 Stupentes edentem circumstant : Saturnum equm imponunt : iubentque festinare
635 1677 1982 1736 intereundum : quid sibi uelit stimulus frondens interrogant : Et cur duo
641 1737 2006 1796 rami mox aruerint : ille qui diuinandi periciam calleret : tris sibi
632 1794 2000 1853 liberos nasciruros ait : Ex quis duo funere inmaturo deficiant : tercium
638 1844 2030 1912 nobiles fructus editurum quod si agrum totum exarauisset : uite uocacionem
632 1900 1438 1960 genus eius masculinum perpetuo regnaturum
1409 1960 1970 1977 fuisse : Cum ante tempus
620 1955 1964 2035 accersitus sit : Eam spem ademptam : Interrogatus cur nam calceos
632 2006 2003 2088 querno robore factos secum afferret : seruandos in arce uicegradensi
635 2062 1988 2142 respondit Ostendosque posteris : scirent omnes : primum qui principatum inter
629 2134 1934 2196 bohemos accepisset : Ex agro fuisse uocatum : Neque insolescendum esse :
632 2194 2009 2256 qui ex humili fortuna solium ascenderit : seruati calcei : diu aput bo¬
612 2253 1979 2312 hemos religiose habiti : Ac per sacerdotes templi Vicegradensis ante
632 2310 1964 2369 reges delati : dum pompa coronacionis educitur : Cum Vicegradum
620 2361 1973 2420 appulisset : primislaus : ingenti fauore plebis : atque honore exceptus
647 2406 1958 2468 est : libussamque sibi matrimonio iunxit hec diu moratus : pragense
