2479 3508
513 381 1857 449 facinora magis adiuarentur : quam odirent : uicti blanditus : captique uero
501 426 1836 497 non nullarum specie : erant enim plereque pulcerrime : imperata facessunt
501 483 1928 548 Sed ingressi siluas insidiis circumuenti trucidantur : alii noua fraude in arcem
504 531 1911 596 uocantur : ualascham ueluti per tradicionem comprehensuri : qui mox intro¬
504 584 1854 646 missi ad unum necantur : ubi iam nulla fides uirginibus est : Commentum
501 635 1837 697 in auditum excogitant : Sarca erat inter puellas admodum honesta
507 677 1854 751 facie : Sed animo impuro Et ad omne scelus parato : hanc in altissimo
501 731 1901 799 nemore : strictis pedibus : ac manibus arbori alligant : tubamque uena¬
471 787 1854 852 toriam : ac uasculum medone plenum : iuxta ponunt : ipse insidiis haud
516 838 1914 909 procul delitescunt : Solebat hac iter sepe facere · Stiradus nobilis eques
510 883 1877 954 inter bohemos opibus et auctoritate potens : Et qui puellarum tirannidem
516 928 1874 999 pre ceteris abhorreret : atque persequeretur : Is ergo cum siluam pro suo more
513 982 1862 1052 uenaturus intrasset : puellamque uinctam conspicatus esset : miserabundus
498 1029 1839 1100 Quid sibi ea uellet percontatur Cui sarca nosti inquit : quot scelera
507 1074 1862 1148 hiis in regionibus ualascha perpetrarit : dum sibi potencia regnumque
513 1119 1857 1202 uendicat : Ego quoque pariter in furore acta insianiam eius aliquandiu :
513 1170 1815 1252 secuta sum · pecaui fateor : penituit me tamen tot inepciarum denique :
507 1223 1901 1309 Cogitauique quonam modo scelestem relinquere uitam possem : Statui
507 1277 1877 1363 ab iniqua discedere domina  : Sed dum comitem fuge quero : prodita :
507 1325 1892 1420 captaque huc deducor : hic de me supplicium summere statuerat sangwi¬
504 1382 1923 1470 naria carnifex : Interea dum ligor : dumque michi ultima uerba dicuntur
507 1441 1863 1521 auditus est tuorum canum latratus : atque hinnitus equorum : ille me
507 1492 1845 1575 lanie salutem pedibus quesiere : at ego te uir clarissime : quem
513 1540 1862 1626 unum perfida turba metuit per nobilitatem tuam oro miserere infelicis
516 1594 1889 1685 femine Salue me obsecro atque abducito : aut si hoc non placet : iugula
510 1650 1871 1739 me pocius : quam hic uiuam deseras : Namque ubi abieris mox aderit
513 1713 1859 1787 iniqua uirginum cohors : meque diris lacerabunt modis : iuuat tua
513 1773 1859 1847 manu perire : Stiradus lacrimis motus mulieribus puelleque forma
507 1841 1895 1903 captus : equo desiliens : uincula soluat rogatque Medonis uasculum :
504 1901 1889 1963 Smulque tuba apposita : quid sibi uelint : tum sarca medonem inquit
513 1955 1842 2017 optomum carnifices attulerunt : quo inter cruciandum uterer : hunc
516 2018 1845 2076 iam leta : securaque bibam · Et hausto sumpto : quod reliqum fuit
507 2077 1910 2136 Stirado propinauit : qui pariter bibit : Erat autem potus suauissimus
510 2128 1885 2190 quem bohemi ex albo melle conficiunt Sed quam mulieri saluber : herbis
510 2188 1854 2250 ac carminibus adhibitis tam uiro pestilens : qui mentem Stiradi
519 2244 1868 2306 prorsus alienauit Exin tuba he inquit mea fuit : dum uenarer
507 2295 1851 2357 quam michi mortue ad collum suspendere statuerant pessime :
513 2352 1868 2417 quasi uenatricis signum : inflabo : Vt intelligant : me uiuere : suisque
519 2412 1842 2474 manibus ereptam esse : moxque tuba cecinit : ualascha ubi sonitum
