2479 3508
498 426 1806 494 secundi regis filius armis deiecit : Et a philippo imperatore frederici secundi
495 474 1827 539 fratre : quem romana ecclesia non accepit : tercio loco inter bohemos reges
477 528 1788 590 coronatus est : primislao duo fuerunt filii uenczeslaus et othokarus :
483 581 1877 643 Venczeslao regnum bohemie cessit : othokaro Marchionatus morauie : fuit
483 632 1818 694 autem Venczeslaus Vnioculus et siue liberis decedens : Regnum othokaro
495 686 1809 745 reliquit : Qui et alio nomine primislaus appellatus est : Inter bohemie
498 734 1803 805 reges quintus : belli appetens : et magnorum operum effector : Cui nec
492 799 811 852 animus in rebus
811 787 1818 849 arduis : nec consilium defuit : Imperium quod
492 844 1913 909 a fratre susceperat : Ex mari baltheo : quod falso plerique Oceanum putauere
489 895 1833 960 est enim mediterraneus sinus : usque ad danubium protensum : adinternum :
492 949 1886 1011 nostrumque mare quod hadriaticum dicimus : extendit ‧ nam cum obisset fredericus
477 1008 1895 1067 Dux austrie sine liberis : soror eius margaretha hereditatem
489 1065 1827 1124 accepit : nupserat hec olim heinrico imperatoris frederici secundi
498 1116 1854 1187 filio eo sine sobole uita functo in patriam redierat : Eadem iam anus
489 1173 1836 1238 othokarum sibi uirum acciuit ‧ Qui non tam coniugis etatem quem dotem
492 1232 1859 1297 animo uoluens : sterile matrimonium contraxit ‧ Et principatum nobilem
492 1286 1812 1345 consecutus : more humano : quanto plura possedit : tanto maiora
492 1337 1809 1399 concupiuit : ulricus eo tempore Carinthiorum principatus tenebat :
477 1397 1937 1452 Qui cum uirili sobole careret : accepta ex othokaro pecunia Carin¬
492 1453 1862 1509 thiam illi Carniolam Marchiam Sclauonicam et portum maonis
489 1507 1842 1566 tradidit ‧ ueronenses exinde ‧ feltrenses taruisini et multi ex foro
492 1561 1839 1626 iulii ultro sese ei submiserunt : bellum hungaris dixit Comissoque
504 1617 1880 1679 prelio uictor ingentem predam reportauit Stiriamque prouinciam illis
489 1674 1859 1745 ademit ‧ In prussia quam ueteres ulmerigiam uocauere : Superatis
501 1725 1848 1799 tartaris : urbem condidit quam Cunispergium idest montem regium
504 1776 1868 1847 uocant : Sed quantum aucta eius potencia est : tantum eciam insolencia creuit
489 1829 1871 1909 Qui uiuente legittima coniuge : Et que sibi tantum imperium adiecerat
501 1892 1871 1963 alteram superduxit ‧ Cunigundim : Regis mastouie filiam : uocatus
558 1952 1931 2023 per principes electores ad imperium contemsit : palam inter suos iactitans
522 2006 1812 2073 pluris bohemie regem : quam romanum imperatorem esse : Rodulfus
495 2068 1836 2133 habelburgi comes qui magister curie othokari fuisset : non minus
495 2125 1868 2184 belli quam domi clatus : Cristiane reipublice : prefectus est is missis
492 2185 1859 2253 ad othokarum legatis : austriam et carinthiam ceterasque uicinas italie
501 2244 1925 2315 prouincias : tanquam iuriis imperii repetit : quando nec austria muliebre
507 2295 1949 2369 feudum esset : neque Carinthiam iniussu Cesaris : ulricus uenumdare
501 2349 1871 2420 potuisset ‧ Renuit othokarus ‧ Et imperatori : qui aliquando sibi ser¬
495 2403 1851 2477 uiuisset in pacto : respondit animo : Sed intervenientibus amicis : Ea
495 2462 1845 2530 lege reconciliati sunt : Vt austria imperatori cederet · Exin datis
