2479 3508
695 364 2042 431 sese inferre uolantibus : Inter primas acies prosiliens : patris alloquium priusquam
689 402 1994 470 furor ardeat amplior : exposcit : Quo impetrato fateor inquit pater
674 447 2003 515 iustum te bellum mouisse : Cuius filia rapta est : Illumque pena dignum
677 498 2021 566 qui contempsit : nisi conpulisset amor : Cuius ceca consilia sepe ueniam
674 552 2042 617 meruere : Sed age obsecro : pone ante oculos : quem armis insequeris
671 596 1994 667 Gener tuus michi maritus cui tantopere irasceris : Et fortasse eciam
674 644 1985 712 nepos tuus eius filius in uentre meo conceptus est : parce oro filie :
680 692 2074 757 parce nepoti : patrem illi coniugi uirum : dimitte : non est degener maritus
674 740 1997 805 nec solui consummatum matrimonium Romana ecclesia sinit : hec tibi uictorie
680 793 2000 858 postestas est : utrique uires utrique belli artes suppetunt Mars dubius
674 841 2045 912 casum respicit : Ne obsecro pater mei causa tantam miliciam morti obicito
686 886 2042 966 parce cui ego prior lesa peperci : illacrimatus pater audita filia facturumque
680 937 2036 1017 se quod illa uellet nisi obstaret iuramentum respondit : Iutha et maritus
677 996 2018 1067 inquit meus iureiurando astrictus est : theutoniam armis lacessere : Sed
674 1050 2051 1121 uana religio : que celeri locum facit : uim criminibus sacramenta non addunt :
674 1110 2030 1172 Expromissorem malefici diuina maiestas odit : factorem exterminat : Inueni
674 1161 2012 1226 tamen si libet uiam qua te simul promisso uirumque soluat : ueniet cum
677 1211 2048 1282 patre gener ad pedes tuos ueniam commissi petet : te regem : te dominum profitebitur
677 1277 2036 1339 neque impedimento erit : quominus sedem in medio bohemie colloces : ibique
668 1334 2051 1396 ius dicas : postremo curiam tuam in theutonia petens uillas aliquot quas
671 1391 2027 1452 iusseris : interequitandum diripiet : placuit Imperatori consilium filie : atque
674 1438 2054 1506 in eius uerba fedus ictum : Exercitus consalutati in boleslauia que umbilicum
668 1504 1997 1566 tenere bohemie creditur : sedes imperatoris lapidea erecta : perpetuum rei
677 1561 2065 1623 monumentum principibus terre insigne datum imperialis aquile : Exin : Bizetislaus
668 1620 2039 1676 Morauiam ex paterno indulto rexit : polonosque qui magnam eius partem occu¬
683 1674 1994 1739 pauerant : bello deleuit : Eorumque multa ligatis post tergum manibus :
668 1737 2009 1799 in ungariam uenumdandos misit : dum hec aguntur : anno post cristi
665 1794 1991 1850 ortum xxx : ac Milesimo boleslaus apud crocouiam excecatus interit :
665 1853 2009 1912 Odalricus quoque filius eius uita functus est : Qua re cognita Ianur et
665 1913 2024 1972 ipse cecus pragam ueniens ducatum gentis sua parte ingenio nepoti dimisit
665 1970 1985 2032 Bizetislaus ea re animo auctus : quamuis nulla iniuria lacessitus :
662 2029 2012 2088 exercitum in hungariam duxit : Magnaque inde predam retulit : Quinque
662 2089 2063 2151 illi ex Iutha fuerunt fili : Spitigneus : Vratislaus Conradus Iaromirus
662 2152 2003 2208 et otho quorum fiducia plenus : eciam polonos ulturus auum : pulsare
668 2203 2110 2268 bello non timuit : Crocouiamque armis captam funditus euertit : Gnesenium
671 2265 2063 2327 quoque metropoliticam urbem diripuit : Multorumque martirum sacratissima
668 2316 2018 2390 inde corpora asportauit : Et crucem auream : ccc pensantem libras :
659 2376 2012 2441 quod cum imperator hannricus eius nominis secundus accepisset : indignatus
