2479 3508
423 393 1851 491 Enee silui piccolominei Senensis Cardinalis sancte Sabine ad alfonsum aragonum
504 441 1782 524 Regem clarissimum in historiam bohemicam prefacio incipit lege feliciter
689 504 1859 584 nteritura esse queque nascuntur : atque homines imprimis : quos ea de
680 552 1892 631 causa appellant : omnes norunt : plurimi clamant : nam cur homines
662 602 1811 679 natura finxit cui negata inmortalitate : spacium uite breuissimum
686 644 1865 724 indulsit cornicibus et coruis : quorum nichil intererat longissimum
665 686 1830 778 largita est euum : Sed cui de nature operibus iudicare permissum
695 740 1839 808 quam nichil esse aliud : quam deum uel dei decretum dixerim : Ego
516 779 1862 849 illud michi perswadeo : nisi mors introiisset in orbem terrarum : ex duobus
513 826 1865 891 alterum fuisse necessarium : aut terre scilicet : quam coleremus : amplitudinem
531 865 1836 936 sine fine patuisse : aut humanam generacionem interdictam : Nam quis
519 907 1874 978 mundi ambitus homines capiat : in horas absque mortis periculo nascentes :
519 952 1889 1026 tot preterea calamitates hominem circumsiliunt : ut mori satius sit : quam uitam
540 996 1913 1067 producere miseram : Optabunt fortasse utcumque uiuere : quis uite alterius
558 1035 1895 1118 spes adempta ‧ Quamuis et huiusmodi homines mortem sibi aliquando con¬
543 1083 1886 1169 sciuerint At homini cristiano qui deum fabricasse mundum constanter credit
525 1134 1862 1214 Nec dubitat illum gubernare que condidit : iniquitatem quoque omnes ab
528 1182 1851 1255 eo alienam putat : sacri ueteresque sermones faciunt fidem : qui animas
525 1226 1839 1309 e corporibus excedentes in alia loca migrare tradunt : in quis premia
540 1271 1827 1360 pro benefactis : Supplicia pro maleficis expendant : quando in hac
531 1325 1859 1405 mortali uita : et uiros bonos in aduersis rebus oppresos : Et iniquos
525 1373 1889 1455 homines sepenumero blandis fortune afflatibus : in sublime raptos
531 1417 1854 1506 cernimus : licet omni gente : que sub celo est hoc uidere : bohemia
531 1471 1818 1551 tamen testimonio satis fuerit : In qua nostra etate pessimi homines
540 1516 1904 1599 reiecta romane ecclesie obediencia : conculcata parentum religione : sacer¬
534 1567 1919 1650 dotibus cristi occisis fanis sanctorum dirutis : sine fide : sine bonis moribus
534 1611 1898 1694 in latrociniis : in adulteriis : in omni spurcicia uiuentes : aduersus potentissimos
543 1659 1904 1736 reges : innumerabiles populos : peritissimos duces : structissimos exercitus
531 1713 1901 1790 inuicti perstiterunt : Ex quibus plerique ad hoc cui peruenere : deliciis afflu¬
513 1758 1880 1853 entes : plerique cum diu ex arbitrio uixissent : non morbo : non gladio :
534 1809 1883 1894 ex hac luce sed nature necessitate : senio confecti abierunt : Vt si nil
537 1862 1871 1945 aliud quam presentis uite : cursum animo uoluas : beatos iudices : qui tot
543 1910 1961 1993 uictoriis potiti : aput suos ciues carissimi : inter opes quam plurimas
543 1964 1871 2041 Inoffensi morbis : quantum homini licet : euum produxere :  Contra uero
537 2015 1916 2091 infelices dicas : ac superis odiosos fuisse : qui pro lege patrum custodienda
555 2068 1925 2142 pro ueritate : pro iusticia : pro honestate : aut in exilio pauperes obiere
537 2125 1883 2196 Aut in medio uite cursu rapti : Ante ora suorum miserabili cruciatu
543 2176 1854 2247 necati sunt : Sed uerissima est cristiane religionis assercio : que
543 2232 1859 2300 post uitam huius seculi : patere alteram astruit : hiis qui religiose
555 2295 1877 2354 uixerunt : iocundam ac beatam : reliquis : molestam et infelicem : Cui
552 2355 1845 2414 sentencie : et iudei : et sarraceni : et gentiles : Et ipsi quoque philosophi
543 2412 1901 2471 consenciunt : quos uero conscios : humane uite magistros putant : Nemo
