2479 3508
486 310 1912 426 austriales Meridianum : septemtrionale latus sclesite ocupant : ager uini frumentique
491 402 1808 475 ferax : Gens rapinis asweta : nulli tutum iter nisi armato potenciorique
497 446 1843 526 prebet : hic multos annos regnatum : hungari bohemi russani polonique
493 491 1828 562 Morauorum principi paruerunt princeps ipsi romano imperio Caput regni
486 537 1821 639 ciuitas uolegradensis : Swadocupus regnum penultimus cum aliquamdiu
489 581 1834 679 feliciter regnasset : tandem arnulfo imperatori tributuum pendere recusans
486 637 1788 749 Commisso prelio cum suos cedere animaduertisset : Clam sese pugne
493 694 1810 805 subtraxit : atque ut erat mutata ueste incognitus salutem solus fuga
489 743 1835 858 quesiuit : Cumque ad montem uenisset : Cui Sombari nomen est : abiectis
486 793 1901 908 armis equo dimisso : pedibus iter fecit Et tanquam uiator inops uastissimam :
493 873 1846 944 ingressus heremum tam diu pomis arborum atque herbarum radicibus uitam
489 909 1857 1025 sustentauit : donec tris heremi cultores obuios habuit : Quibus sese
486 977 1894 1057 adiungens : usque ad extremum uite perseuerauit incognitus : pacienter ac sedato
493 1026 1859 1149 animo incomoda queque ferens : ubi uero obitus affuit accersitis here¬
491 1074 1828 1189 mitis : nondum inquit quis fuerim nouestis : Rex ego Morauorum
502 1165 1863 1233 prelio uictus : ad uos confugi : Et regiam uitam et priuatam expletus
500 1194 1824 1273 morior : Nulli regni fortuna est tranquilitati heremi preferenda : hic
502 1266 1841 1342 securus somnus dulces herbarum radices atque undas efficit : Ibi cure
493 1309 1835 1399 atque pericula : nullum cibum nullum potum : non amarum reddunt : Quod
495 1361 1810 1439 michi fata dederunt : aput uos felix peregi : In regno quidquid eius
493 1437 1266 1521 transactum est : Mors uerius quam uita
1342 1404 1865 1496 fuit : Sepelire me hic postquam
484 1470 1826 1561 anima corpus relinquerit : Morauamque deinde petentes : Filio meo si
491 1540 1921 1607 adhuc uiuit hec nunciate atque hiis dictis uita excessit : Arnulfus interea
508 1585 1859 1666 uictoria potitus : Regnum Morauis Suadocupi filio quem de sacro fonte
497 1644 1855 1708 leuauerat : possidendum reliquit : Is ab heremitis edoctus de fortuna
506 1708 1841 1782 patris quem cecidisse in prelio existimauerat : Corpus eius ex heremum
491 1759 1863 1846 defossum uolegradum retulit : atque in sepulchris maiorum condidit :
497 1806 1834 1890 fuit autem suadocupi filius : quamquam cristianorum sacris imbutus : minus tamen
499 1846 1832 1936 quam decuit : sacerdotes dei ueneratus est : qui uenacionem aliquando facturus
497 1905 1795 1976 archiepiscopo Methodio imperauit : ne ante suum reditum diuina perageret :
502 1945 1857 2031 Expectauit Methodius ad meridiem usque : tandem negligigi rem diuinam
504 2016 1841 2086 ueritus : deo sacrificium cepit offerire · Interea reuersus princeps ubi
515 2056 1843 2148 se neglectum animaduertit : sacram ingressus edem : multitudinem canum
506 2102 1834 2192 intromisit : tubasque clangere iubens : ad altare usque progressus : conuicia
502 2173 1843 2244 multa ingerens uix manus a uiolatione Sacerdotis abstinuit : ob
502 2228 1866 2312 quam rem paucis post diebus Methodius in bohemiam fugiens Regem
502 2292 1872 2369 extra ecclesiam fecit : Regnoque sacris interdixit : quod facto non solum
510 2345 1138 2408 archiepiscopalis sedes in morauia
1252 2341 1854 2418 defecit Sed ipsum quoque regnum
502 2398 1971 2484 extinctum : Mortuo nanque paulo post excomunicato Rege : Imperii morauorum
