2479 3508
483 355 1842 419 in iussu suo poloniam uastatam esse : Bizetislaum aut refarcire damna
483 408 1839 473 aut bellum expectare iussit : Illi nichil se imperatori : nisi tributum debere
495 468 1839 527 respondit a maioribus institutum : pendebat autem dux bohemie Romano
492 522 1842 587 imperio quot annis C xx boues : et argenti puri Quingentas marchas
492 581 1845 643 id se neque neglexisse hactenus neque neglecturum : Si quid amplius iusserit
489 641 1871 700 imperator : a bono et equo recedere : Se libertati gentis nichil detracturum :
492 698 1907 760 Imperator hiis auditis ex ratispona in bohemiam copias traducit : Othardo
489 761 1824 823 Saxonum duce : ex altera parte : cum exercitu properare iusso : ingressus
501 811 1886 879 siluam qua bohemiam cingi diximus : precisis arboribus iter interceptum repe¬
504 871 1892 933 riens : milites uiam securibus aperire iubet : Magnus hic labor equiti
492 931 1859 993 Erant enim uaste magnitudinis arbores : Multaque robora incidenda :
504 985 1892 1046 priusquam iter pateret : ob quam rem cum iam opere peracto : ad interiora
501 1044 1877 1100 peruenissent : nec hostis in conspectum usquam daretur : fessi ac sitibundi : pro¬
498 1101 1859 1160 iectis armis flumina petunt : Bizetislaus ex insidiis prodiens : palantes
498 1155 1859 1214 atque inermes aggressus : stragem haud paruam efficit : Imperator repentino
492 1202 1848 1273 commotus malo multis suorum desideratis ‧ fuga salutem petit : Othardus
501 1259 1824 1321 uero iam fines bohemie ingressus : septemtrionalem prouincie partem longe
495 1313 1845 1375 lateque populatus : hiis cognitis cum preda domum reuertitur ‧ procopius comes
489 1370 1842 1429 Bienilensium cum parte copiarum aduersus eum missus : fortuna parum prospera
504 1426 1827 1488 usus : tanquam pecunia corruptus : effossis oculis : manibus ac pedibus
495 1483 1901 1551 detruncatis : in flumine bieline demersus est : non tamen eo pacto quies bohe¬
501 1546 1842 1611 mie data : Nam sequenti anno heinricus imperator et othardus maioribus
501 1605 1830 1667 collectis copiis : redeuntes : transmissa silua ferro ac flamma cuncta
501 1665 1839 1724 uastarunt : Bizetislaus armis diffidentem intra menia prage clausum
495 1722 1833 1787 obsederunt : Seuerus tunc episcopatum urbis gerebat : Iureiurando imperatori
495 1785 1836 1847 obnoxius : Ex cuius indulto pontificali sedi preerat : Is noctu cum pluribus
495 1847 1848 1906 ad henricum confugit : obtinendeque urbis uiam ostendit : Quare fractus
504 1907 1836 1963 animo Bizetislaus errati ueniam petit : dicte sunt pacis leges quas uoluit
501 1964 1836 2023 imperator et trium annorum tributum pensum : Sclesia sub anno tributo
501 2020 1836 2076 auri xxx argenti Quingentarum marcharum bohemie principi tradita
489 2071 1913 2133 Secundo et quinquagesimo anno post Milesimum a cristi saluatoris aduentum :
516 2134 1907 2193 pace cum imperatore composita hungariam sibi subigere Bizetislasu aggreditur
492 2191 1854 2253 Cuius populus suis utens legibus Romanum imperium contennebat Sed in¬
513 2253 1859 2318 gressus hostilem prouinciam : Mox uocatis bohemie primoribus Spitigneum
510 2304 1824 2372 primogenitum successorem suum declarat : Reliquos filios Morauia inter
501 2367 1827 2429 eos diardenti febre correptus : Vltimum instare diem intelligens uisa
