2479 3508
492 372 1815 443 dauere iacens : feris ac uolucribus esca fuit · Primislas ex libussa tres fili nati :
492 423 1848 488 duo immaturo rapti funere : tercius morienti seni heres dictus Numislaus nomine
489 468 1812 533 quod nichil excogitans : interpretatur : fuit enim stupidi ingenii Et prorsus iners
498 503 1902 581 Inter scorta et concubinas ocio marcens : Moliciem eius fortuna confouit que pacem
501 555 1839 628 illi perpetuam dedit : nullo uicinorum arma mouente : nec sedicionibus studente
507 602 1888 679 populo : quem diutina uirginum bella prorsus extenuauerat : Nunc Mnatha
510 650 1857 730 filius subsecutus est : Mnatham uoinus cui duo fuerunt filii : uinslaus et ura¬
498 704 1888 784 tillaus : inter quos moriens partitus est terram : uinslao praga et ducatus
495 767 1853 846 bohemie cessit : uratislao lucensis principatus : qui postea czacensis dictus
495 817 1863 897 est : unicum timoris ac pauoris exemplum : Cuius ignauiam animo uoluens
507 877 1842 948 patruus : optimum instrumentum ad subigentam sibi bohemiam ratus : arma
507 931 1895 993 mouens : plura aduersus eum bella feliciter gessit : Quibus magnificatus
495 990 1815 1055 et auctus : urbem condidit inter duos montes Mednam et pubecham :
504 1047 1914 1106 quam de suo nomine uratislauiam nuncupauit : neque contentus prioribus uictoriis
510 1089 1862 1160 : nouum nepoti bellum indicit : Capitalem penam subditis suis interminatus
477 1143 1862 1208 Qui gladii longitudinem equantes : in prelio deessent : iubet quoque pur¬
513 1196 1845 1264 puratos suos : falcones atque accipitres secum afferant : quos humana carne
516 1247 1854 1318 pascere uelit : non ad pugnam sed ad cedem iturus : postremo se nulli etati
513 1298 1839 1372 parsurum dicit : ipsosque lactentes pueros : ab ubere matrum : rapi atque confodi
507 1352 1848 1423 mandat : Mammasque mulierum : pullis equarum suggendas tradi : insolens
513 1399 1943 1470 sane atque superbissimus et fortasse crudelior quam si uicisset : parte alia neclam
510 1453 1859 1524 uir muliere corrupcior : trepidare atque pauere : nichil consilii : nichil spei
507 1507 1824 1575 habere ultimam uite sue diem uenisse putare : non gladium intueri : non
516 1564 1836 1632 milites affari posse : alieno tamen ductus consilio : se pugne interfuturum dicit
507 1617 1877 1682 Et accersito clam Sdercio : nobili equite : figura torporis sibi per quam simili
507 1665 1806 1742 Animi uero fortitudine : et corporis robore dissimilimo : fuit enim manu
513 1713 1839 1799 promptissimo Et animo audaci : atque inter primis rei bellice peritissimus : nunc suis
507 1767 1871 1850 armis indutum : ac insignibus principalibus honestatum : quam paucissimis rem
519 1829 1818 1900 scientibus : Obire ducis munia iubet : Multa interim uatum presagia :
528 1880 1845 1957 feminarum quoque spiritu : ut aiunt phitonico imbutarum : uaticinia exquiruntur
507 1928 1913 2005 Ex quibus una placandos deos humana hostia : respondit : Sic enim uictoriam
519 1973 1848 2059 repromitti : Cui neclam : plus religioni quam armis fidens ceso : quem sortes
513 2026 1845 2109 designauere uiuere morem gessit : In alia parte mulierem fuisse tradunt
513 2083 1877 2166 que priuigno bellum petituro : uratislaum in pugna casurum : maioremque
528 2137 1836 2223 populi : partem cum eo interitura predixerit : posse tamen euadere
522 2188 1874 2282 si sibi crederet adolescenti : iussisse : ut pergeret : quando remanere domi capi¬
519 2247 1899 2330 tale esset : primumque qui obuius fieret : occidere : atque utrasque
516 2301 1845 2381 amputare : Et in pera recondere : Exin gladio inter priores equi pedes
516 2355 1836 2441 Signum trucis in terra facere : qua deosculata : equm ascendentem fugam
