<?xml version="1.0" encoding="UTF-8" standalone="yes"?>
<PcGts xmlns="http://schema.primaresearch.org/PAGE/gts/pagecontent/2013-07-15" xmlns:xsi="http://www.w3.org/2001/XMLSchema-instance" xsi:schemaLocation="http://schema.primaresearch.org/PAGE/gts/pagecontent/2013-07-15 http://schema.primaresearch.org/PAGE/gts/pagecontent/2013-07-15/pagecontent.xsd">
    <Metadata>
        <Creator>Transkribus</Creator>
        <Created>2025-10-17T12:55:07.581+02:00</Created>
        <LastChange>2025-12-05T11:12:35.331+01:00</LastChange>
    </Metadata>
    <Page imageFilename="11421593_0027_104475230.jpeg" imageWidth="2479" imageHeight="3508">
        <ReadingOrder>
            <OrderedGroup id="ro_1765533058104" caption="Regions reading order">
                <RegionRefIndexed index="0" regionRef="r"/>
            </OrderedGroup>
        </ReadingOrder>
        <TextRegion id="r" custom="readingOrder {index:0;}">
            <Coords points="642,351 2090,351 2090,2476 642,2476"/>
            <TextLine id="r_tl_1" custom="readingOrder {index:0;}">
                <Coords points="671,369 716,367 761,369 806,372 850,372 895,369 940,369 985,369 1030,372 1074,372 1119,375 1164,378 1209,381 1253,381 1298,381 1343,381 1388,381 1433,381 1477,378 1522,378 1567,378 1612,378 1656,378 1701,378 1746,378 1791,375 1836,375 1880,372 1925,369 1970,369 2015,367 2021,369 2021,419 2015,417 1970,419 1925,419 1880,422 1836,425 1791,425 1746,428 1701,428 1656,428 1612,428 1567,428 1522,428 1477,428 1433,431 1388,431 1343,431 1298,431 1253,431 1209,431 1164,428 1119,425 1074,422 1030,422 985,419 940,419 895,419 850,422 806,422 761,419 716,417 671,419"/>
                <Baseline points="671,414 716,412 761,414 806,417 850,417 895,414 940,414 985,414 1030,417 1074,417 1119,420 1164,423 1209,426 1253,426 1298,426 1343,426 1388,426 1433,426 1477,423 1522,423 1567,423 1612,423 1656,423 1701,423 1746,423 1791,420 1836,420 1880,417 1925,414 1970,414 2015,412 2021,414"/>
                <TextEquiv>
                    <Unicode>ecclesie Regem suis humeris xii cophinos lapidum gestasse ferunt : Reli¬</Unicode>
                </TextEquiv>
            </TextLine>
            <TextLine id="r_tl_2" custom="readingOrder {index:1;}">
                <Coords points="674,417 719,417 764,417 809,417 853,420 898,420 943,417 988,417 1032,420 1077,423 1122,426 1167,429 1212,432 1256,432 1301,429 1346,429 1391,426 1436,426 1480,426 1525,423 1570,426 1615,426 1659,426 1704,426 1749,426 1794,426 1839,423 1883,423 1928,420 1973,420 2018,417 2045,417 2045,467 2018,467 1973,470 1928,470 1883,473 1839,473 1794,476 1749,476 1704,476 1659,476 1615,476 1570,476 1525,473 1480,476 1436,476 1391,476 1346,479 1301,479 1256,482 1212,482 1167,479 1122,476 1077,473 1032,470 988,467 943,467 898,470 853,470 809,467 764,467 719,467 674,467"/>
                <Baseline points="674,462 719,462 764,462 809,462 853,465 898,465 943,462 988,462 1032,465 1077,468 1122,471 1167,474 1212,477 1256,477 1301,474 1346,474 1391,471 1436,471 1480,471 1525,468 1570,471 1615,471 1659,471 1704,471 1749,471 1794,471 1839,468 1883,468 1928,465 1973,465 2018,462 2045,462"/>
                <TextEquiv>
                    <Unicode>giosum principem dignumque qui primus inter bohemos Regio diademate</Unicode>
                </TextEquiv>
            </TextLine>
            <TextLine id="r_tl_3" custom="readingOrder {index:2;}">
                <Coords points="683,465 728,465 773,465 818,465 862,465 907,471 952,468 997,471 1041,474 1086,474 1131,477 1176,477 1221,480 1265,477 1310,477 1355,474 1400,474 1444,474 1489,474 1534,477 1579,477 1624,477 1668,477 1713,477 1758,477 1803,477 1848,474 1892,474 1937,471 1982,468 1997,468 1997,518 1982,518 1937,521 1892,524 1848,524 1803,527 1758,527 1713,527 1668,527 1624,527 1579,527 1534,527 1489,524 1444,524 1400,524 1355,524 1310,527 1265,527 1221,530 1176,527 1131,527 1086,524 1041,524 997,521 952,518 907,521 862,515 818,515 773,515 728,515 683,515"/>
                <Baseline points="683,510 728,510 773,510 818,510 862,510 907,516 952,513 997,516 1041,519 1086,519 1131,522 1176,522 1221,525 1265,522 1310,522 1355,519 1400,519 1444,519 1489,519 1534,522 1579,522 1624,522 1668,522 1713,522 1758,522 1803,522 1848,519 1892,519 1937,516 1982,513 1997,513"/>
                <TextEquiv>
                    <Unicode>uteretur ‧ Gebardum uero in dies magis atque magis insolescentem :</Unicode>
                </TextEquiv>
            </TextLine>
            <TextLine id="r_tl_4" custom="readingOrder {index:3;}">
                <Coords points="662,513 707,513 752,513 797,516 841,516 886,516 931,516 976,519 1021,522 1065,522 1110,525 1155,525 1200,525 1244,525 1289,525 1334,525 1379,522 1424,525 1468,522 1513,522 1558,522 1603,525 1648,525 1692,528 1737,525 1782,525 1827,525 1871,522 1916,519 1961,516 2006,513 2009,513 2009,563 2006,563 1961,566 1916,569 1871,572 1827,575 1782,575 1737,575 1692,578 1648,575 1603,575 1558,572 1513,572 1468,572 1424,575 1379,572 1334,575 1289,575 1244,575 1200,575 1155,575 1110,575 1065,572 1021,572 976,569 931,566 886,566 841,566 797,566 752,563 707,563 662,563"/>
                <Baseline points="662,558 707,558 752,558 797,561 841,561 886,561 931,561 976,564 1021,567 1065,567 1110,570 1155,570 1200,570 1244,570 1289,570 1334,570 1379,567 1424,570 1468,567 1513,567 1558,567 1603,570 1648,570 1692,573 1737,570 1782,570 1827,570 1871,567 1916,564 1961,561 2006,558 2009,558"/>
                <TextEquiv>
                    <Unicode>ac propterea a morauorum plebe repulsum : dum per ungariam</Unicode>
                </TextEquiv>
            </TextLine>
            <TextLine id="r_tl_5" custom="readingOrder {index:4;}">
                <Coords points="662,564 707,564 752,564 797,564 841,564 886,567 931,567 976,567 1021,570 1065,570 1110,573 1155,575 1200,575 1244,575 1289,575 1334,575 1379,575 1424,575 1468,575 1513,578 1558,578 1603,575 1648,575 1692,575 1737,575 1782,575 1827,573 1871,573 1916,570 1961,570 2006,570 2018,573 2018,623 2006,620 1961,620 1916,620 1871,623 1827,623 1782,625 1737,625 1692,625 1648,625 1603,625 1558,628 1513,628 1468,625 1424,625 1379,625 1334,625 1289,625 1244,625 1200,625 1155,625 1110,623 1065,620 1021,620 976,617 931,617 886,617 841,614 797,614 752,614 707,614 662,614"/>
                <Baseline points="662,609 707,609 752,609 797,609 841,609 886,612 931,612 976,612 1021,615 1065,615 1110,618 1155,620 1200,620 1244,620 1289,620 1334,620 1379,620 1424,620 1468,620 1513,623 1558,623 1603,620 1648,620 1692,620 1737,620 1782,620 1827,618 1871,618 1916,615 1961,615 2006,615 2018,618"/>
                <TextEquiv>
                    <Unicode>ad romanum pontificem : questum iniurias proficiscitur aput Strigonium</Unicode>
                </TextEquiv>
            </TextLine>
            <TextLine id="r_tl_6" custom="readingOrder {index:5;}">
                <Coords points="668,617 689,614 734,614 779,614 824,614 868,617 913,617 958,620 1003,620 1047,620 1092,623 1137,623 1182,626 1227,626 1271,626 1316,626 1361,626 1406,629 1450,629 1495,632 1540,629 1585,632 1630,629 1674,629 1719,626 1764,626 1809,626 1854,626 1898,623 1943,620 1988,620 2033,617 2077,614 2077,664 2033,667 1988,670 1943,670 1898,673 1854,676 1809,676 1764,676 1719,676 1674,679 1630,679 1585,682 1540,679 1495,682 1450,679 1406,679 1361,676 1316,676 1271,676 1227,676 1182,676 1137,673 1092,673 1047,670 1003,670 958,670 913,667 868,667 824,664 779,664 734,664 689,664 668,667"/>
                <Baseline points="668,662 689,659 734,659 779,659 824,659 868,662 913,662 958,665 1003,665 1047,665 1092,668 1137,668 1182,671 1227,671 1271,671 1316,671 1361,671 1406,674 1450,674 1495,677 1540,674 1585,677 1630,674 1674,674 1719,671 1764,671 1809,671 1854,671 1898,668 1943,665 1988,665 2033,662 2077,659"/>
                <TextEquiv>
                    <Unicode>morbo correptum interisse : Cosmumque illi suffectum : fuerunt uratislao :</Unicode>
                </TextEquiv>
            </TextLine>
            <TextLine id="r_tl_7" custom="readingOrder {index:6;}">
                <Coords points="671,671 674,671 719,668 764,665 809,665 853,665 898,668 943,668 988,668 1032,665 1077,668 1122,668 1167,674 1212,674 1256,671 1301,671 1346,671 1391,671 1436,674 1480,677 1525,677 1570,680 1615,677 1659,677 1704,677 1749,677 1794,674 1839,671 1883,671 1928,671 1973,671 2018,668 2018,718 1973,721 1928,721 1883,721 1839,721 1794,724 1749,727 1704,727 1659,727 1615,727 1570,730 1525,727 1480,727 1436,724 1391,721 1346,721 1301,721 1256,721 1212,724 1167,724 1122,718 1077,718 1032,715 988,718 943,718 898,718 853,715 809,715 764,715 719,718 674,721 671,721"/>
                <Baseline points="671,716 674,716 719,713 764,710 809,710 853,710 898,713 943,713 988,713 1032,710 1077,713 1122,713 1167,719 1212,719 1256,716 1301,716 1346,716 1391,716 1436,719 1480,722 1525,722 1570,725 1615,722 1659,722 1704,722 1749,722 1794,719 1839,716 1883,716 1928,716 1973,716 2018,713"/>
                <TextEquiv>
                    <Unicode>Et cum saxonibus et cum germano qui morauiam optinebat : inimicicie</Unicode>
                </TextEquiv>
            </TextLine>
            <TextLine id="r_tl_8" custom="readingOrder {index:7;}">
                <Coords points="668,719 713,719 758,716 803,719 847,719 892,719 937,719 982,722 1027,722 1071,722 1116,722 1161,722 1206,725 1250,725 1295,722 1340,725 1385,725 1430,725 1474,725 1519,725 1564,725 1609,728 1653,725 1698,725 1743,725 1788,725 1833,725 1877,722 1922,719 1967,719 1985,722 1985,772 1967,769 1922,769 1877,772 1833,775 1788,775 1743,775 1698,775 1653,775 1609,778 1564,775 1519,775 1474,775 1430,775 1385,775 1340,775 1295,772 1250,775 1206,775 1161,772 1116,772 1071,772 1027,772 982,772 937,769 892,769 847,769 803,769 758,766 713,769 668,769"/>
                <Baseline points="668,764 713,764 758,761 803,764 847,764 892,764 937,764 982,767 1027,767 1071,767 1116,767 1161,767 1206,770 1250,770 1295,767 1340,770 1385,770 1430,770 1474,770 1519,770 1564,770 1609,773 1653,770 1698,770 1743,770 1788,770 1833,770 1877,767 1922,764 1967,764 1995,767"/>
                <TextEquiv>
                    <Unicode>illos per filium uicit Germanum ipse ex morauia armis expulit :</Unicode>
                </TextEquiv>
            </TextLine>
            <TextLine id="r_tl_9" custom="readingOrder {index:8;}">
                <Coords points="668,773 713,770 758,770 803,770 847,770 892,773 937,770 982,773 1027,773 1071,773 1116,773 1161,776 1206,776 1250,779 1295,779 1340,779 1385,779 1430,779 1474,779 1519,779 1564,781 1609,784 1653,781 1698,779 1743,779 1788,779 1833,776 1877,776 1922,773 1967,773 1997,776 1997,826 1967,823 1922,823 1877,826 1833,826 1788,829 1743,829 1698,829 1653,831 1609,834 1564,831 1519,829 1474,829 1430,829 1385,829 1340,829 1295,829 1250,829 1206,826 1161,826 1116,823 1071,823 1027,823 982,823 937,820 892,823 847,820 803,820 758,820 713,820 668,823"/>
                <Baseline points="668,818 713,815 758,815 803,815 847,815 892,818 937,815 982,818 1027,818 1071,818 1116,818 1161,821 1206,821 1250,824 1295,824 1340,824 1385,824 1430,824 1474,824 1519,824 1564,826 1609,829 1653,826 1698,824 1743,824 1788,824 1833,821 1877,821 1922,818 1967,818 1997,821"/>
                <TextEquiv>
                    <Unicode>urbemque olomucensem possidendam filio tradidit ‧ Vita functus :</Unicode>
                </TextEquiv>
            </TextLine>
            <TextLine id="r_tl_10" custom="readingOrder {index:9;}">
                <Coords points="674,814 719,814 764,817 809,817 853,820 898,820 943,820 988,823 1032,823 1077,823 1122,823 1167,826 1212,826 1256,826 1301,826 1346,829 1391,829 1436,829 1480,832 1525,832 1570,835 1615,835 1659,835 1704,835 1749,838 1794,835 1839,835 1883,835 1928,832 1973,832 2018,832 2030,829 2030,879 2018,882 1973,882 1928,882 1883,885 1839,885 1794,885 1749,888 1704,885 1659,885 1615,885 1570,885 1525,882 1480,882 1436,879 1391,879 1346,879 1301,876 1256,876 1212,876 1167,876 1122,873 1077,873 1032,873 988,873 943,870 898,870 853,870 809,867 764,867 719,864 674,864"/>
                <Baseline points="674,859 719,859 764,862 809,862 853,865 898,865 943,865 988,868 1032,868 1077,868 1122,868 1167,871 1212,871 1256,871 1301,871 1346,874 1391,874 1436,874 1480,877 1525,877 1570,880 1615,880 1659,880 1704,880 1749,883 1794,880 1839,880 1883,880 1928,877 1973,877 2018,877 2030,874"/>
                <TextEquiv>
                    <Unicode>non filio sicut optauerat Sed conradum fratrem habuit successorem : Qui</Unicode>
                </TextEquiv>
            </TextLine>
            <TextLine id="r_tl_11" custom="readingOrder {index:10;}">
                <Coords points="683,871 728,868 773,868 818,868 862,871 907,871 952,871 997,868 1041,871 1086,871 1131,874 1176,874 1221,874 1265,874 1310,877 1355,880 1400,880 1444,883 1489,883 1534,883 1579,886 1624,886 1668,886 1713,886 1758,886 1803,886 1848,886 1892,886 1937,886 1982,883 2003,883 2003,933 1982,933 1937,936 1892,936 1848,936 1803,936 1758,936 1713,936 1668,936 1624,936 1579,936 1534,933 1489,933 1444,933 1400,930 1355,930 1310,927 1265,924 1221,924 1176,924 1131,924 1086,921 1041,921 997,918 952,921 907,921 862,921 818,918 773,918 728,918 683,921"/>
                <Baseline points="683,916 728,913 773,913 818,913 862,916 907,916 952,916 997,913 1041,916 1086,916 1131,919 1176,919 1221,919 1265,919 1310,922 1355,925 1400,925 1444,928 1489,928 1534,928 1579,931 1624,931 1668,931 1713,931 1758,931 1803,931 1848,931 1892,931 1937,931 1982,928 2003,928"/>
                <TextEquiv>
                    <Unicode>septimo mense potitus imperio morbo correptus : ne potibus ex fratre</Unicode>
                </TextEquiv>
            </TextLine>
            <TextLine id="r_tl_12" custom="readingOrder {index:11;}">
                <Coords points="674,916 719,913 764,913 809,913 853,913 898,916 943,916 988,916 1032,916 1077,919 1122,919 1167,919 1212,919 1256,922 1301,925 1346,928 1391,928 1436,931 1480,931 1525,937 1570,937 1615,937 1659,940 1704,937 1749,937 1794,937 1839,934 1883,931 1928,928 1973,928 2018,925 2027,925 2027,975 2018,975 1973,978 1928,978 1883,981 1839,984 1794,987 1749,987 1704,987 1659,990 1615,987 1570,987 1525,987 1480,981 1436,981 1391,978 1346,978 1301,975 1256,972 1212,969 1167,969 1122,969 1077,969 1032,966 988,966 943,966 898,966 853,963 809,963 764,963 719,963 674,966"/>
                <Baseline points="674,961 719,958 764,958 809,958 853,958 898,961 943,961 988,961 1032,961 1077,964 1122,964 1167,964 1212,964 1256,967 1301,970 1346,973 1391,973 1436,976 1480,976 1525,982 1570,982 1615,982 1659,985 1704,982 1749,982 1794,982 1839,979 1883,976 1928,973 1973,973 2018,970 2027,970"/>
                <TextEquiv>
                    <Unicode>locum fecit : Quinque eos fuisse diximus : qui sibi inuicem pro nati¬</Unicode>
                </TextEquiv>
            </TextLine>
            <TextLine id="r_tl_13" custom="readingOrder {index:12;}">
                <Coords points="671,967 716,964 761,964 806,964 850,967 895,967 940,967 985,970 1030,973 1074,970 1119,970 1164,973 1209,973 1253,976 1298,976 1343,979 1388,982 1433,985 1477,985 1522,987 1567,987 1612,987 1656,987 1701,987 1746,987 1791,990 1836,985 1880,985 1925,982 1970,979 2009,979 2009,1029 1970,1029 1925,1032 1880,1035 1836,1035 1791,1040 1746,1037 1701,1037 1656,1037 1612,1037 1567,1037 1522,1037 1477,1035 1433,1035 1388,1032 1343,1029 1298,1026 1253,1026 1209,1023 1164,1023 1119,1020 1074,1020 1030,1023 985,1020 940,1017 895,1017 850,1017 806,1014 761,1014 716,1014 671,1017"/>
                <Baseline points="671,1012 716,1009 761,1009 806,1009 850,1012 895,1012 940,1012 985,1015 1030,1018 1074,1015 1119,1015 1164,1018 1209,1018 1253,1021 1298,1021 1343,1024 1388,1027 1433,1030 1477,1030 1522,1032 1567,1032 1612,1032 1656,1032 1701,1032 1746,1032 1791,1035 1836,1030 1880,1030 1925,1027 1970,1024 2009,1024"/>
                <TextEquiv>
                    <Unicode>uitatis ordine successere ‧ duos ex hiis ursouicenses perpetui regum</Unicode>
                </TextEquiv>
            </TextLine>
            <TextLine id="r_tl_14" custom="readingOrder {index:13;}">
                <Coords points="668,1020 713,1017 758,1014 803,1014 847,1014 892,1014 937,1014 982,1017 1027,1017 1071,1020 1116,1020 1161,1020 1206,1020 1250,1020 1295,1026 1340,1026 1385,1029 1430,1029 1474,1038 1519,1038 1564,1041 1609,1041 1653,1044 1698,1044 1743,1044 1788,1041 1833,1038 1877,1038 1922,1035 1967,1032 1991,1035 1991,1085 1967,1082 1922,1085 1877,1088 1833,1088 1788,1091 1743,1094 1698,1094 1653,1094 1609,1091 1564,1091 1519,1088 1474,1088 1430,1079 1385,1079 1340,1076 1295,1076 1250,1070 1206,1070 1161,1070 1116,1070 1071,1070 1027,1067 982,1067 937,1064 892,1064 847,1064 803,1064 758,1064 713,1067 668,1070"/>
                <Baseline points="668,1065 713,1062 758,1059 803,1059 847,1059 892,1059 937,1059 982,1062 1027,1062 1071,1065 1116,1065 1161,1065 1206,1065 1250,1065 1295,1071 1340,1071 1385,1074 1430,1074 1474,1083 1519,1083 1564,1086 1609,1086 1653,1089 1698,1089 1743,1089 1788,1086 1833,1083 1877,1083 1922,1080 1967,1077 1991,1080"/>
                <TextEquiv>
                    <Unicode>hostes : fraudibus interceptos necauere : ultimus uratislaus nomine</Unicode>
                </TextEquiv>
            </TextLine>
            <TextLine id="r_tl_15" custom="readingOrder {index:14;}">
                <Coords points="671,1074 716,1071 761,1071 806,1071 850,1071 895,1068 940,1071 985,1071 1030,1071 1074,1074 1119,1074 1164,1074 1209,1074 1253,1074 1298,1077 1343,1077 1388,1080 1433,1083 1477,1086 1522,1089 1567,1089 1612,1089 1656,1095 1701,1095 1746,1095 1791,1092 1836,1095 1880,1092 1925,1089 1970,1089 2015,1092 2030,1089 2030,1139 2015,1142 1970,1139 1925,1139 1880,1142 1836,1145 1791,1142 1746,1145 1701,1145 1656,1145 1612,1139 1567,1139 1522,1139 1477,1136 1433,1133 1388,1130 1343,1127 1298,1127 1253,1124 1209,1124 1164,1124 1119,1124 1074,1124 1030,1121 985,1121 940,1121 895,1118 850,1121 806,1121 761,1121 716,1121 671,1124"/>
                <Baseline points="671,1119 716,1116 761,1116 806,1116 850,1116 895,1113 940,1116 985,1116 1030,1116 1074,1119 1119,1119 1164,1119 1209,1119 1253,1119 1298,1122 1343,1122 1388,1125 1433,1128 1477,1131 1522,1134 1567,1134 1612,1134 1656,1140 1701,1140 1746,1140 1791,1137 1836,1140 1880,1137 1925,1134 1970,1134 2015,1137 2030,1134"/>
                <TextEquiv>
                    <Unicode>ex biczetislao fratre : nepotem sui nominis cum ccc galeatis equitibus :</Unicode>
                </TextEquiv>
            </TextLine>
            <TextLine id="r_tl_16" custom="readingOrder {index:15;}">
                <Coords points="665,1131 710,1128 755,1131 800,1131 844,1128 889,1128 934,1128 979,1128 1024,1128 1068,1128 1113,1125 1158,1125 1203,1128 1247,1128 1292,1128 1337,1131 1382,1131 1427,1131 1471,1134 1516,1137 1561,1137 1606,1140 1650,1143 1695,1143 1740,1143 1785,1146 1830,1146 1874,1146 1919,1146 1964,1149 1988,1146 1988,1196 1964,1199 1919,1196 1874,1196 1830,1196 1785,1196 1740,1193 1695,1193 1650,1193 1606,1190 1561,1187 1516,1187 1471,1184 1427,1181 1382,1181 1337,1181 1292,1178 1247,1178 1203,1178 1158,1175 1113,1175 1068,1178 1024,1178 979,1178 934,1178 889,1178 844,1178 800,1181 755,1181 710,1178 665,1181"/>
                <Baseline points="665,1176 710,1173 755,1176 800,1176 844,1173 889,1173 934,1173 979,1173 1024,1173 1068,1173 1113,1170 1158,1170 1203,1173 1247,1173 1292,1173 1337,1176 1382,1176 1427,1176 1471,1179 1516,1182 1561,1182 1606,1185 1650,1188 1695,1188 1740,1188 1785,1191 1830,1191 1874,1191 1919,1191 1964,1194 1988,1191"/>
                <TextEquiv>
                    <Unicode>auxilio heinrici quarti romanorum imperatoris romam misit : Qui</Unicode>
                </TextEquiv>
            </TextLine>
            <TextLine id="r_tl_17" custom="readingOrder {index:16;}">
                <Coords points="683,1188 728,1182 773,1182 818,1182 862,1182 907,1182 952,1182 997,1182 1041,1185 1086,1182 1131,1182 1176,1185 1221,1182 1265,1185 1310,1185 1355,1185 1400,1185 1444,1185 1489,1185 1534,1188 1579,1191 1624,1193 1668,1193 1713,1193 1758,1193 1803,1193 1848,1193 1892,1196 1937,1196 1982,1193 2021,1193 2021,1243 1982,1243 1937,1246 1892,1246 1848,1243 1803,1243 1758,1243 1713,1243 1668,1243 1624,1243 1579,1241 1534,1238 1489,1235 1444,1235 1400,1235 1355,1235 1310,1235 1265,1235 1221,1232 1176,1235 1131,1232 1086,1232 1041,1235 997,1232 952,1232 907,1232 862,1232 818,1232 773,1232 728,1232 683,1238"/>
                <Baseline points="683,1233 728,1227 773,1227 818,1227 862,1227 907,1227 952,1227 997,1227 1041,1230 1086,1227 1131,1227 1176,1230 1221,1227 1265,1230 1310,1230 1355,1230 1400,1230 1444,1230 1489,1230 1534,1233 1579,1236 1624,1238 1668,1238 1713,1238 1758,1238 1803,1238 1848,1238 1892,1241 1937,1241 1982,1238 2021,1238"/>
                <TextEquiv>
                    <Unicode>plurimas inde reliquias sanctorum reportauit : Inuenio in historia</Unicode>
                </TextEquiv>
            </TextLine>
            <TextLine id="r_tl_18" custom="readingOrder {index:17;}">
                <Coords points="674,1244 719,1241 764,1241 809,1241 853,1241 898,1241 943,1238 988,1241 1032,1241 1077,1241 1122,1241 1167,1241 1212,1238 1256,1238 1301,1238 1346,1241 1391,1241 1436,1241 1480,1244 1525,1244 1570,1247 1615,1247 1659,1247 1704,1247 1749,1247 1794,1244 1839,1247 1883,1247 1928,1247 1973,1247 2012,1244 2012,1294 1973,1297 1928,1297 1883,1297 1839,1297 1794,1294 1749,1297 1704,1297 1659,1297 1615,1297 1570,1297 1525,1294 1480,1294 1436,1291 1391,1291 1346,1291 1301,1288 1256,1288 1212,1288 1167,1291 1122,1291 1077,1291 1032,1291 988,1291 943,1288 898,1291 853,1291 809,1291 764,1291 719,1291 674,1294"/>
                <Baseline points="674,1289 719,1286 764,1286 809,1286 853,1286 898,1286 943,1283 988,1286 1032,1286 1077,1286 1122,1286 1167,1286 1212,1283 1256,1283 1301,1283 1346,1286 1391,1286 1436,1286 1480,1289 1525,1289 1570,1292 1615,1292 1659,1292 1704,1292 1749,1292 1794,1289 1839,1292 1883,1292 1928,1292 1973,1292 2012,1289"/>
                <TextEquiv>
                    <Unicode>bohemorum : post uratislaum primum regem pluribus annis interregnum</Unicode>
                </TextEquiv>
            </TextLine>
            <TextLine id="r_tl_19" custom="readingOrder {index:18;}">
                <Coords points="680,1295 725,1295 770,1295 815,1295 859,1295 904,1292 949,1292 994,1295 1038,1295 1083,1295 1128,1295 1173,1298 1218,1295 1262,1298 1307,1298 1352,1298 1397,1298 1442,1301 1486,1304 1531,1304 1576,1307 1621,1307 1665,1307 1710,1307 1755,1307 1800,1310 1845,1307 1889,1310 1934,1310 1979,1310 2024,1313 2042,1310 2042,1360 2024,1363 1979,1360 1934,1360 1889,1360 1845,1357 1800,1360 1755,1357 1710,1357 1665,1357 1621,1357 1576,1357 1531,1354 1486,1354 1442,1351 1397,1348 1352,1348 1307,1348 1262,1348 1218,1345 1173,1348 1128,1345 1083,1345 1038,1345 994,1345 949,1342 904,1342 859,1345 815,1345 770,1345 725,1345 680,1345"/>
                <Baseline points="680,1340 725,1340 770,1340 815,1340 859,1340 904,1337 949,1337 994,1340 1038,1340 1083,1340 1128,1340 1173,1343 1218,1340 1262,1343 1307,1343 1352,1343 1397,1343 1442,1346 1486,1349 1531,1349 1576,1352 1621,1352 1665,1352 1710,1352 1755,1352 1800,1355 1845,1352 1889,1355 1934,1355 1979,1355 2024,1358 2042,1355"/>
                <TextEquiv>
                    <Unicode>fuisse : Nan Conradus fratrem eius : ac deinde vratislai filios non regis :</Unicode>
                </TextEquiv>
            </TextLine>
            <TextLine id="l_1" custom="readingOrder {index:19;}">
                <Coords points="770,1396 764,1396 719,1396 674,1399 674,1349 719,1346 764,1346 770,1346"/>
                <Baseline points="674,1394 719,1391 761,1393"/>
                <TextEquiv>
                    <Unicode>Sed </Unicode>
                </TextEquiv>
            </TextLine>
            <TextLine id="l" custom="readingOrder {index:20;} corr {offset:0; length:5;comment:before\u003a\u0020\u0022usis\u0022\u0020deleted;}">
                <Coords points="770,1346 809,1346 853,1346 898,1346 943,1346 988,1349 1032,1349 1077,1349 1122,1349 1167,1349 1212,1349 1256,1349 1301,1352 1346,1352 1391,1355 1436,1355 1480,1358 1525,1361 1570,1364 1615,1364 1659,1367 1704,1367 1749,1367 1794,1367 1839,1367 1883,1367 1928,1370 1973,1367 1982,1364 1982,1414 1973,1417 1928,1420 1883,1417 1839,1417 1794,1417 1749,1417 1704,1417 1659,1417 1615,1414 1570,1414 1525,1411 1480,1408 1436,1405 1391,1405 1346,1402 1301,1402 1256,1399 1212,1399 1167,1399 1122,1399 1077,1399 1032,1399 988,1399 943,1396 898,1396 853,1396 809,1396 770,1396"/>
                <Baseline points="870,1392 904,1392 943,1391 988,1394 1032,1394 1077,1394 1122,1394 1167,1394 1212,1394 1256,1394 1301,1397 1346,1397 1391,1400 1436,1400 1480,1403 1525,1406 1570,1409 1615,1409 1659,1412 1704,1412 1749,1412 1794,1412 1839,1412 1883,1412 1928,1415 1973,1412 1982,1409"/>
                <TextEquiv>
                    <Unicode>ducis tantum usos : tamquam regni decus : homini non prouincie</Unicode>
                </TextEquiv>
            </TextLine>
            <TextLine id="r_tl_21" custom="readingOrder {index:21;}">
                <Coords points="668,1399 713,1397 758,1397 803,1397 847,1397 892,1399 937,1399 982,1402 1027,1402 1071,1402 1116,1402 1161,1405 1206,1405 1250,1405 1295,1405 1340,1402 1385,1405 1430,1408 1474,1411 1519,1414 1564,1420 1609,1420 1653,1423 1698,1426 1743,1426 1788,1429 1833,1429 1877,1429 1922,1429 1967,1429 2012,1429 2057,1429 2065,1426 2065,1476 2057,1479 2012,1479 1967,1479 1922,1479 1877,1479 1833,1479 1788,1479 1743,1476 1698,1476 1653,1473 1609,1470 1564,1470 1519,1464 1474,1461 1430,1458 1385,1455 1340,1452 1295,1455 1250,1455 1206,1455 1161,1455 1116,1452 1071,1452 1027,1452 982,1452 937,1449 892,1449 847,1447 803,1447 758,1447 713,1447 668,1449"/>
                <Baseline points="668,1444 713,1442 758,1442 803,1442 847,1442 892,1444 937,1444 982,1447 1027,1447 1071,1447 1116,1447 1161,1450 1206,1450 1250,1450 1295,1450 1340,1447 1385,1450 1430,1453 1474,1456 1519,1459 1564,1465 1609,1465 1653,1468 1698,1471 1743,1471 1788,1474 1833,1474 1877,1474 1922,1474 1967,1474 2012,1474 2057,1474 2065,1471"/>
                <TextEquiv>
                    <Unicode>datum fuisset : uladislaum uero quarto loco : uratislao natum ab impe¬</Unicode>
                </TextEquiv>
            </TextLine>
            <TextLine id="r_tl_22" custom="readingOrder {index:22;}">
                <Coords points="671,1453 716,1450 761,1453 806,1453 850,1453 895,1453 940,1453 985,1456 1030,1456 1074,1456 1119,1459 1164,1459 1209,1459 1253,1462 1298,1462 1343,1462 1388,1465 1433,1468 1477,1468 1522,1471 1567,1474 1612,1477 1656,1480 1701,1480 1746,1483 1791,1483 1836,1486 1880,1486 1925,1489 1970,1489 2009,1492 2009,1542 1970,1539 1925,1539 1880,1536 1836,1536 1791,1533 1746,1533 1701,1530 1656,1530 1612,1527 1567,1524 1522,1521 1477,1518 1433,1518 1388,1515 1343,1512 1298,1512 1253,1512 1209,1509 1164,1509 1119,1509 1074,1506 1030,1506 985,1506 940,1503 895,1503 850,1503 806,1503 761,1503 716,1500 671,1503"/>
                <Baseline points="671,1498 716,1495 761,1498 806,1498 850,1498 895,1498 940,1498 985,1501 1030,1501 1074,1501 1119,1504 1164,1504 1209,1504 1253,1507 1298,1507 1343,1507 1388,1510 1433,1513 1477,1513 1522,1516 1567,1519 1612,1522 1656,1525 1701,1525 1746,1528 1791,1528 1836,1531 1880,1531 1925,1534 1970,1534 2009,1537"/>
                <TextEquiv>
                    <Unicode>ratore frederico primo sibi et posteris regiam dignitatem obtinuisse :</Unicode>
                </TextEquiv>
            </TextLine>
            <TextLine id="r_tl_23" custom="readingOrder {index:23;}">
                <Coords points="668,1504 713,1501 758,1501 803,1501 847,1504 892,1504 937,1504 982,1504 1027,1507 1071,1507 1116,1507 1161,1510 1206,1513 1250,1516 1295,1519 1340,1522 1385,1522 1430,1525 1474,1528 1519,1528 1564,1528 1609,1531 1653,1534 1698,1534 1743,1537 1788,1537 1833,1540 1877,1540 1922,1543 1967,1543 2012,1546 2015,1546 2015,1596 2012,1596 1967,1593 1922,1593 1877,1590 1833,1590 1788,1587 1743,1587 1698,1584 1653,1584 1609,1581 1564,1578 1519,1578 1474,1578 1430,1575 1385,1572 1340,1572 1295,1569 1250,1566 1206,1563 1161,1560 1116,1557 1071,1557 1027,1557 982,1554 937,1554 892,1554 847,1554 803,1551 758,1551 713,1551 668,1554"/>
                <Baseline points="668,1549 713,1546 758,1546 803,1546 847,1549 892,1549 937,1549 982,1549 1027,1552 1071,1552 1116,1552 1161,1555 1206,1558 1250,1561 1295,1564 1340,1567 1385,1567 1430,1570 1474,1573 1519,1573 1564,1573 1609,1576 1653,1579 1698,1579 1743,1582 1788,1582 1833,1585 1877,1585 1922,1588 1967,1588 2012,1591 2015,1591"/>
                <TextEquiv>
                    <Unicode>Et cum in expugnacione mediolanensi egregiam operam nauasset :</Unicode>
                </TextEquiv>
            </TextLine>
            <TextLine id="r_tl_24" custom="readingOrder {index:24;}">
                <Coords points="662,1552 707,1549 752,1552 797,1552 841,1555 886,1555 931,1561 976,1564 1021,1564 1065,1564 1110,1567 1155,1567 1200,1567 1244,1570 1289,1573 1334,1573 1379,1573 1424,1573 1468,1576 1513,1576 1558,1579 1603,1582 1648,1585 1692,1588 1737,1591 1782,1591 1827,1594 1871,1597 1916,1597 1961,1597 2006,1600 2051,1597 2054,1594 2054,1644 2051,1647 2006,1650 1961,1647 1916,1647 1871,1647 1827,1644 1782,1641 1737,1641 1692,1638 1648,1635 1603,1632 1558,1629 1513,1626 1468,1626 1424,1623 1379,1623 1334,1623 1289,1623 1244,1620 1200,1617 1155,1617 1110,1617 1065,1614 1021,1614 976,1614 931,1611 886,1605 841,1605 797,1602 752,1602 707,1599 662,1602"/>
                <Baseline points="662,1597 707,1594 752,1597 797,1597 841,1600 886,1600 931,1606 976,1609 1021,1609 1065,1609 1110,1612 1155,1612 1200,1612 1244,1615 1289,1618 1334,1618 1379,1618 1424,1618 1468,1621 1513,1621 1558,1624 1603,1627 1648,1630 1692,1633 1737,1636 1782,1636 1827,1639 1871,1642 1916,1642 1961,1642 2006,1645 2051,1642 2054,1639"/>
                <TextEquiv>
                    <Unicode>Imperatori mirifice gratum : leonem rubeum bifurcate caude in clipeo</Unicode>
                </TextEquiv>
            </TextLine>
            <TextLine id="r_tl_25" custom="readingOrder {index:25;}">
                <Coords points="656,1611 701,1611 746,1611 791,1611 835,1611 880,1611 925,1614 970,1617 1015,1617 1059,1617 1104,1617 1149,1620 1194,1623 1238,1623 1283,1623 1328,1626 1373,1629 1418,1629 1462,1632 1507,1635 1552,1638 1597,1641 1642,1641 1686,1644 1731,1647 1776,1650 1821,1653 1865,1653 1910,1653 1955,1656 2000,1659 2027,1665 2027,1715 2000,1709 1955,1706 1910,1703 1865,1703 1821,1703 1776,1700 1731,1697 1686,1694 1642,1691 1597,1691 1552,1688 1507,1685 1462,1682 1418,1679 1373,1679 1328,1676 1283,1673 1238,1673 1194,1673 1149,1670 1104,1667 1059,1667 1015,1667 970,1667 925,1664 880,1661 835,1661 791,1661 746,1661 701,1661 656,1661"/>
                <Baseline points="656,1656 701,1656 746,1656 791,1656 835,1656 880,1656 925,1659 970,1662 1015,1662 1059,1662 1104,1662 1149,1665 1194,1668 1238,1668 1283,1668 1328,1671 1373,1674 1418,1674 1462,1677 1507,1680 1552,1683 1597,1686 1642,1686 1686,1689 1731,1692 1776,1695 1821,1698 1865,1698 1910,1698 1955,1701 2000,1704 2027,1710"/>
                <TextEquiv>
                    <Unicode>albi coloris : Insigne regium accepisse : Candelabrum quoque salomonis</Unicode>
                </TextEquiv>
            </TextLine>
            <TextLine id="r_tl_26" custom="readingOrder {index:26;}">
                <Coords points="671,1662 716,1659 761,1662 806,1665 850,1665 895,1665 940,1668 985,1671 1030,1671 1074,1671 1119,1671 1164,1674 1209,1674 1253,1674 1298,1677 1343,1680 1388,1680 1433,1683 1477,1686 1522,1686 1567,1689 1612,1695 1656,1695 1701,1698 1746,1701 1791,1704 1836,1707 1880,1707 1925,1707 1970,1707 2015,1707 2018,1707 2018,1757 2015,1757 1970,1757 1925,1757 1880,1757 1836,1757 1791,1754 1746,1751 1701,1748 1656,1745 1612,1745 1567,1739 1522,1736 1477,1736 1433,1733 1388,1730 1343,1730 1298,1727 1253,1724 1209,1724 1164,1724 1119,1721 1074,1721 1030,1721 985,1721 940,1718 895,1715 850,1715 806,1715 761,1712 716,1709 671,1712"/>
                <Baseline points="671,1707 716,1704 761,1707 806,1710 850,1710 895,1710 940,1713 985,1716 1030,1716 1074,1716 1119,1716 1164,1719 1209,1719 1253,1719 1298,1722 1343,1725 1388,1725 1433,1728 1477,1731 1522,1731 1567,1734 1612,1740 1656,1740 1701,1743 1746,1746 1791,1749 1836,1752 1880,1752 1925,1752 1970,1752 2015,1752 2018,1752"/>
                <TextEquiv>
                    <Unicode>ex medialano asportatum : in ecclesia sancti uiti pragensis recondisse</Unicode>
                </TextEquiv>
            </TextLine>
            <TextLine id="r_tl_27" custom="readingOrder {index:27;}">
                <Coords points="677,1725 722,1722 767,1722 812,1722 856,1725 901,1725 946,1728 991,1728 1035,1728 1080,1728 1125,1728 1170,1731 1215,1731 1259,1734 1304,1737 1349,1737 1394,1740 1439,1740 1483,1743 1528,1743 1573,1746 1618,1749 1662,1752 1707,1755 1752,1755 1797,1761 1842,1761 1886,1761 1931,1761 1976,1764 1991,1764 1991,1814 1976,1814 1931,1811 1886,1811 1842,1811 1797,1811 1752,1805 1707,1805 1662,1802 1618,1799 1573,1796 1528,1793 1483,1793 1439,1790 1394,1790 1349,1787 1304,1787 1259,1784 1215,1781 1170,1781 1125,1778 1080,1778 1035,1778 991,1778 946,1778 901,1775 856,1775 812,1772 767,1772 722,1772 677,1775"/>
                <Baseline points="677,1770 722,1767 767,1767 812,1767 856,1770 901,1770 946,1773 991,1773 1035,1773 1080,1773 1125,1773 1170,1776 1215,1776 1259,1779 1304,1782 1349,1782 1394,1785 1439,1785 1483,1788 1528,1788 1573,1791 1618,1794 1662,1797 1707,1800 1752,1800 1797,1806 1842,1806 1886,1806 1931,1806 1976,1809 1991,1809"/>
                <TextEquiv>
                    <Unicode>pontem super multauiam qua uetus praga minori iungeretur : magni operis</Unicode>
                </TextEquiv>
            </TextLine>
            <TextLine id="r_tl_28" custom="readingOrder {index:28;}">
                <Coords points="665,1782 710,1782 755,1779 800,1782 844,1779 889,1782 934,1785 979,1785 1024,1788 1068,1788 1113,1788 1158,1791 1203,1794 1247,1797 1292,1797 1337,1800 1382,1800 1427,1800 1471,1803 1516,1806 1561,1806 1606,1809 1650,1812 1695,1814 1740,1817 1785,1817 1830,1823 1874,1823 1919,1823 1964,1826 1997,1823 1997,1873 1964,1876 1919,1873 1874,1873 1830,1873 1785,1867 1740,1867 1695,1864 1650,1862 1606,1859 1561,1856 1516,1856 1471,1853 1427,1850 1382,1850 1337,1850 1292,1847 1247,1847 1203,1844 1158,1841 1113,1838 1068,1838 1024,1838 979,1835 934,1835 889,1832 844,1829 800,1832 755,1829 710,1832 665,1832"/>
                <Baseline points="665,1827 710,1827 755,1824 800,1827 844,1824 889,1827 934,1830 979,1830 1024,1833 1068,1833 1113,1833 1158,1836 1203,1839 1247,1842 1292,1842 1337,1845 1382,1845 1427,1845 1471,1848 1516,1851 1561,1851 1606,1854 1650,1857 1695,1859 1740,1862 1785,1862 1830,1868 1874,1868 1919,1868 1964,1871 1997,1868"/>
                <TextEquiv>
                    <Unicode>edificasse : quem ratisponensi preferunt in quatuor et XX arcus ut</Unicode>
                </TextEquiv>
            </TextLine>
            <TextLine id="l_3" custom="readingOrder {index:29;}">
                <Coords points="657,1844 695,1844 740,1844 785,1844 829,1844 874,1847 919,1847 964,1847 1009,1847 1053,1850 1098,1850 1143,1853 1188,1853 1233,1853 1277,1856 1322,1856 1367,1856 1412,1859 1456,1859 1501,1859 1546,1862 1591,1865 1636,1868 1680,1871 1725,1871 1770,1874 1815,1874 1859,1874 1904,1874 1949,1877 1994,1877 2006,1877 2006,1927 1994,1927 1949,1927 1904,1924 1859,1924 1815,1924 1770,1924 1725,1921 1680,1921 1636,1918 1591,1915 1546,1912 1501,1909 1456,1909 1412,1909 1367,1906 1322,1906 1277,1906 1233,1903 1188,1903 1143,1903 1098,1900 1053,1900 1009,1897 964,1897 919,1897 874,1897 829,1894 785,1894 740,1894 695,1894 657,1894"/>
                <Baseline points="657,1889 695,1889 740,1889 785,1889 829,1889 874,1892 919,1892 964,1892 1009,1892 1053,1895 1098,1895 1143,1898 1188,1898 1233,1898 1277,1901 1322,1901 1367,1901 1412,1904 1456,1904 1501,1904 1546,1907 1591,1910 1636,1913 1680,1916 1725,1916 1770,1919 1815,1919 1859,1919 1904,1919 1949,1922 1994,1922 2006,1922"/>
                <TextEquiv>
                    <Unicode>ante diximus protensum : post eum sobieslaum quinque annis ducatu functum</Unicode>
                </TextEquiv>
            </TextLine>
            <TextLine id="r_tl_30" custom="readingOrder {index:30;}">
                <Coords points="674,1910 719,1907 764,1907 809,1910 853,1907 898,1910 943,1907 988,1907 1032,1907 1077,1907 1122,1910 1167,1910 1212,1910 1256,1913 1301,1916 1346,1916 1391,1919 1436,1919 1480,1922 1525,1925 1570,1925 1615,1925 1659,1928 1704,1928 1749,1928 1794,1928 1839,1928 1883,1928 1928,1928 1973,1928 1997,1928 1997,1978 1973,1978 1928,1978 1883,1978 1839,1978 1794,1978 1749,1978 1704,1978 1659,1978 1615,1975 1570,1975 1525,1975 1480,1972 1436,1969 1391,1969 1346,1966 1301,1966 1256,1963 1212,1960 1167,1960 1122,1960 1077,1957 1032,1957 988,1957 943,1957 898,1960 853,1957 809,1960 764,1957 719,1957 674,1960"/>
                <Baseline points="674,1955 719,1952 764,1952 809,1955 853,1952 898,1955 943,1952 988,1952 1032,1952 1077,1952 1122,1955 1167,1955 1212,1955 1256,1958 1301,1961 1346,1961 1391,1964 1436,1964 1480,1967 1525,1970 1570,1970 1615,1970 1659,1973 1704,1973 1749,1973 1794,1973 1839,1973 1883,1973 1928,1973 1973,1973 1997,1973"/>
                <TextEquiv>
                    <Unicode>prouincialibus exactum in exilio interisse : Exin fredericum uladislai</Unicode>
                </TextEquiv>
            </TextLine>
            <TextLine id="r_tl_31" custom="readingOrder {index:31;}">
                <Coords points="674,1970 719,1967 764,1967 809,1970 853,1967 898,1967 943,1967 988,1967 1032,1967 1077,1967 1122,1967 1167,1967 1212,1970 1256,1970 1301,1970 1346,1973 1391,1973 1436,1976 1480,1976 1525,1979 1570,1979 1615,1982 1659,1982 1704,1985 1749,1985 1794,1988 1839,1988 1883,1988 1928,1988 1973,1988 2018,1988 2021,1988 2021,2038 2018,2038 1973,2038 1928,2038 1883,2038 1839,2038 1794,2038 1749,2035 1704,2035 1659,2032 1615,2032 1570,2029 1525,2029 1480,2026 1436,2026 1391,2023 1346,2023 1301,2020 1256,2020 1212,2020 1167,2017 1122,2017 1077,2017 1032,2017 988,2017 943,2017 898,2017 853,2017 809,2020 764,2017 719,2017 674,2020"/>
                <Baseline points="674,2015 719,2012 764,2012 809,2015 853,2012 898,2012 943,2012 988,2012 1032,2012 1077,2012 1122,2012 1167,2012 1212,2015 1256,2015 1301,2015 1346,2018 1391,2018 1436,2021 1480,2021 1525,2024 1570,2024 1615,2027 1659,2027 1704,2030 1749,2030 1794,2033 1839,2033 1883,2033 1928,2033 1973,2033 2018,2033 2021,2033"/>
                <TextEquiv>
                    <Unicode>filium successisse : post conradum qui aput apulos in italiam secutus</Unicode>
                </TextEquiv>
            </TextLine>
            <TextLine id="r_tl_32" custom="readingOrder {index:32;}">
                <Coords points="668,2029 713,2026 758,2026 803,2029 847,2029 892,2029 937,2029 982,2029 1027,2029 1071,2032 1116,2032 1161,2029 1206,2029 1250,2029 1295,2029 1340,2029 1385,2032 1430,2035 1474,2035 1519,2038 1564,2038 1609,2041 1653,2041 1698,2041 1743,2041 1788,2041 1833,2044 1877,2044 1922,2041 1967,2044 2012,2044 2033,2041 2033,2091 2012,2094 1967,2094 1922,2091 1877,2094 1833,2094 1788,2091 1743,2091 1698,2091 1653,2091 1609,2091 1564,2088 1519,2088 1474,2085 1430,2085 1385,2082 1340,2079 1295,2079 1250,2079 1206,2079 1161,2079 1116,2082 1071,2082 1027,2079 982,2079 937,2079 892,2079 847,2079 803,2079 758,2076 713,2076 668,2079"/>
                <Baseline points="668,2074 713,2071 758,2071 803,2074 847,2074 892,2074 937,2074 982,2074 1027,2074 1071,2077 1116,2077 1161,2074 1206,2074 1250,2074 1295,2074 1340,2074 1385,2077 1430,2080 1474,2080 1519,2083 1564,2083 1609,2086 1653,2086 1698,2086 1743,2086 1788,2086 1833,2089 1877,2089 1922,2086 1967,2089 2012,2089 2033,2086"/>
                <TextEquiv>
                    <Unicode>imperatorem decessit : Conradum biczetislaus sequitur qui et heinricus</Unicode>
                </TextEquiv>
            </TextLine>
            <TextLine id="r_tl_33" custom="readingOrder {index:33;}">
                <Coords points="665,2092 710,2089 755,2089 800,2092 844,2092 889,2092 934,2092 979,2092 1024,2092 1068,2095 1113,2095 1158,2092 1203,2092 1247,2092 1292,2095 1337,2095 1382,2095 1427,2098 1471,2101 1516,2101 1561,2101 1606,2104 1650,2104 1695,2104 1740,2104 1785,2104 1830,2101 1874,2101 1919,2101 1964,2098 2009,2098 2018,2101 2018,2151 2009,2148 1964,2148 1919,2151 1874,2151 1830,2151 1785,2154 1740,2154 1695,2154 1650,2154 1606,2154 1561,2151 1516,2151 1471,2151 1427,2148 1382,2145 1337,2145 1292,2145 1247,2142 1203,2142 1158,2142 1113,2145 1068,2145 1024,2142 979,2142 934,2142 889,2142 844,2142 800,2142 755,2139 710,2139 665,2142"/>
                <Baseline points="665,2137 710,2134 755,2134 800,2137 844,2137 889,2137 934,2137 979,2137 1024,2137 1068,2140 1113,2140 1158,2137 1203,2137 1247,2137 1292,2140 1337,2140 1382,2140 1427,2143 1471,2146 1516,2146 1561,2146 1606,2149 1650,2149 1695,2149 1740,2149 1785,2149 1830,2146 1874,2146 1919,2146 1964,2143 2009,2143 2018,2146"/>
                <TextEquiv>
                    <Unicode>dictus est : Et cum esset pragensis episcopus : XVI annis pontificatum simul</Unicode>
                </TextEquiv>
            </TextLine>
            <TextLine id="r_tl_34" custom="readingOrder {index:34;}">
                <Coords points="662,2149 707,2149 752,2146 797,2146 841,2146 886,2146 931,2146 976,2146 1021,2146 1065,2146 1110,2149 1155,2146 1200,2149 1244,2152 1289,2152 1334,2152 1379,2152 1424,2152 1468,2155 1513,2158 1558,2161 1603,2161 1648,2164 1692,2164 1737,2164 1782,2167 1827,2164 1871,2164 1916,2164 1961,2161 2006,2161 2048,2161 2048,2211 2006,2211 1961,2211 1916,2214 1871,2214 1827,2214 1782,2217 1737,2214 1692,2214 1648,2214 1603,2211 1558,2211 1513,2208 1468,2205 1424,2202 1379,2202 1334,2202 1289,2202 1244,2202 1200,2199 1155,2196 1110,2199 1065,2196 1021,2196 976,2196 931,2196 886,2196 841,2196 797,2196 752,2196 707,2199 662,2199"/>
                <Baseline points="662,2194 707,2194 752,2191 797,2191 841,2191 886,2191 931,2191 976,2191 1021,2191 1065,2191 1110,2194 1155,2191 1200,2194 1244,2197 1289,2197 1334,2197 1379,2197 1424,2197 1468,2200 1513,2203 1558,2206 1603,2206 1648,2209 1692,2209 1737,2209 1782,2212 1827,2209 1871,2209 1916,2209 1961,2206 2006,2206 2048,2206"/>
                <TextEquiv>
                    <Unicode>et principatum bohemie tenuit : post cum ducatum obtinuit Venczeslaus </Unicode>
                </TextEquiv>
            </TextLine>
            <TextLine id="r_tl_35" custom="readingOrder {index:35;}">
                <Coords points="668,2209 713,2203 758,2206 803,2206 847,2206 892,2206 937,2209 982,2209 1027,2206 1071,2209 1116,2209 1161,2209 1206,2212 1250,2209 1295,2212 1340,2212 1385,2212 1430,2212 1474,2212 1519,2212 1564,2215 1609,2215 1653,2215 1698,2218 1743,2218 1788,2218 1833,2221 1877,2221 1922,2218 1967,2218 2012,2218 2030,2212 2030,2262 2012,2268 1967,2268 1922,2268 1877,2271 1833,2271 1788,2268 1743,2268 1698,2268 1653,2265 1609,2265 1564,2265 1519,2262 1474,2262 1430,2262 1385,2262 1340,2262 1295,2262 1250,2259 1206,2262 1161,2259 1116,2259 1071,2259 1027,2256 982,2259 937,2259 892,2256 847,2256 803,2256 758,2256 713,2253 668,2259"/>
                <Baseline points="668,2254 713,2248 758,2251 803,2251 847,2251 892,2251 937,2254 982,2254 1027,2251 1071,2254 1116,2254 1161,2254 1206,2257 1250,2254 1295,2257 1340,2257 1385,2257 1430,2257 1474,2257 1519,2257 1564,2260 1609,2260 1653,2260 1698,2263 1743,2263 1788,2263 1833,2266 1877,2266 1922,2263 1967,2263 2012,2263 2030,2257"/>
                <TextEquiv>
                    <Unicode>frater eius : nos quoque regis nomine abstinuisse constat : Siue quia ui</Unicode>
                </TextEquiv>
            </TextLine>
            <TextLine id="r_tl_36" custom="readingOrder {index:36;}">
                <Coords points="668,2259 713,2262 758,2262 803,2262 847,2265 892,2262 937,2262 982,2262 1027,2265 1071,2265 1116,2265 1161,2265 1206,2268 1250,2271 1295,2271 1340,2274 1385,2280 1430,2280 1474,2280 1519,2277 1564,2280 1609,2277 1653,2277 1698,2277 1743,2277 1788,2277 1833,2277 1877,2277 1922,2274 1967,2274 2012,2271 2057,2268 2068,2268 2068,2318 2057,2318 2012,2321 1967,2324 1922,2324 1877,2327 1833,2327 1788,2327 1743,2327 1698,2327 1653,2327 1609,2327 1564,2330 1519,2327 1474,2330 1430,2330 1385,2330 1340,2324 1295,2321 1250,2321 1206,2318 1161,2315 1116,2315 1071,2315 1027,2315 982,2312 937,2312 892,2312 847,2315 803,2312 758,2312 713,2312 668,2309"/>
                <Baseline points="668,2304 713,2307 758,2307 803,2307 847,2310 892,2307 937,2307 982,2307 1027,2310 1071,2310 1116,2310 1161,2310 1206,2313 1250,2316 1295,2316 1340,2319 1385,2325 1430,2325 1474,2325 1519,2322 1564,2325 1609,2322 1653,2322 1698,2322 1743,2322 1788,2322 1833,2322 1877,2322 1922,2319 1967,2319 2012,2316 2057,2313 2068,2313"/>
                <TextEquiv>
                    <Unicode>magis quam iure imperauerunt : Siue quia imperatoris romam indultum</Unicode>
                </TextEquiv>
            </TextLine>
            <TextLine id="l_2" custom="readingOrder {index:37;}">
                <Coords points="657,2316 698,2316 743,2316 788,2316 832,2316 877,2319 922,2319 967,2319 1012,2319 1056,2322 1101,2322 1146,2325 1191,2325 1236,2325 1280,2328 1325,2328 1370,2331 1415,2334 1459,2334 1504,2337 1549,2337 1594,2337 1639,2337 1683,2337 1728,2337 1773,2337 1818,2337 1862,2337 1907,2334 1952,2334 1997,2331 2042,2331 2057,2331 2057,2381 2042,2381 1997,2381 1952,2384 1907,2384 1862,2387 1818,2387 1773,2387 1728,2387 1683,2387 1639,2387 1594,2387 1549,2387 1504,2387 1459,2384 1415,2384 1370,2381 1325,2378 1280,2378 1236,2375 1191,2375 1146,2375 1101,2372 1056,2372 1012,2369 967,2369 922,2369 877,2369 832,2366 788,2366 743,2366 698,2366 657,2366"/>
                <Baseline points="657,2361 698,2361 743,2361 788,2361 832,2361 877,2364 922,2364 967,2364 1012,2364 1056,2367 1101,2367 1146,2370 1191,2370 1236,2370 1280,2373 1325,2373 1370,2376 1415,2379 1459,2379 1504,2382 1549,2382 1594,2382 1639,2382 1683,2382 1728,2382 1773,2382 1818,2382 1862,2382 1907,2379 1952,2379 1997,2376 2042,2376 2057,2376"/>
                <TextEquiv>
                    <Unicode>Sumende corone : more maiorum : obtinere non ualuerunt ‧ Vnczeslaum</Unicode>
                </TextEquiv>
            </TextLine>
            <TextLine id="r_tl_38" custom="readingOrder {index:38;}">
                <Coords points="656,2388 674,2385 719,2385 764,2385 809,2385 853,2385 898,2385 943,2382 988,2385 1032,2385 1077,2382 1122,2385 1167,2385 1212,2385 1256,2385 1301,2385 1346,2388 1391,2388 1436,2388 1480,2391 1525,2391 1570,2391 1615,2388 1659,2388 1704,2388 1749,2385 1794,2385 1839,2382 1883,2379 1928,2379 1973,2379 2018,2373 2018,2423 1973,2429 1928,2429 1883,2429 1839,2432 1794,2435 1749,2435 1704,2438 1659,2438 1615,2438 1570,2441 1525,2441 1480,2441 1436,2438 1391,2438 1346,2438 1301,2435 1256,2435 1212,2435 1167,2435 1122,2435 1077,2432 1032,2435 988,2435 943,2432 898,2435 853,2435 809,2435 764,2435 719,2435 674,2435 656,2438"/>
                <Baseline points="656,2433 674,2430 719,2430 764,2430 809,2430 853,2430 898,2430 943,2427 988,2430 1032,2430 1077,2427 1122,2430 1167,2430 1212,2430 1256,2430 1301,2430 1346,2433 1391,2433 1436,2433 1480,2436 1525,2436 1570,2436 1615,2433 1659,2433 1704,2433 1749,2430 1794,2430 1839,2427 1883,2424 1928,2424 1973,2424 2018,2418"/>
                <TextEquiv>
                    <Unicode>tribus mensibus : ducali auctoritate functum : primislaus uladislai</Unicode>
                </TextEquiv>
            </TextLine>
            <TextEquiv>
                <Unicode></Unicode>
            </TextEquiv>
        </TextRegion>
    </Page>
</PcGts>
