2479 3508
650 367 1973 434 Equisque arreptis : in campum prodeant : non longe a praga monstratum :
659 414 2042 482 maturatur scelus : uirorum quantum imperatum erat interficitur : ueniunt
659 465 2015 536 in campum armate femine · prostratuque uirorum exercitu : qui patri¬
650 519 1997 593 cidas insequebantur : ducem in arce uicegradensi obsident : quam cum
644 567 2003 646 expugnare nequirent castellum sibi procul inde in prerupto undique
650 620 1982 694 colle : naturaque munitissimo edificant : quod dieuiczum appellant : quasi
650 674 2021 748 uirginum castrum dieuicze namque ipsorum ligwa uirgines nuncupantur :
650 725 1991 799 Res uisa patribus plebique perniciosissima : cum propter admissum zelus
647 779 2070 849 tum quid illarum exemplo reliquas adduci feminas uerebantur Et hostem
644 829 2003 903 cuique domi esse : formidabile fuit : hortantur itaque principem : puellas
647 889 2027 957 bello coerceat : se tum copiis affuturos promittunt : primislaus se a diis
650 940 1991 1017 admonitum ait : perituros omnes qui puellas armis lacessant : tempus
644 996 1964 1064 aliud expectandum : Illi spreto consilio : coacto sine principe exercitu :
647 1050 1988 1115 Castra ad dieuiczum ponunt : puellasque cingere obsidione pergunt
659 1107 1982 1175 ualascha nil territa in maiori discrimine : maiorem adhibet animum
638 1158 1982 1223 Comites ne mente labantur : plena fiducia hortatur : aduenisse tempus
647 1208 2012 1276 affirmat : quo toti bohemie leges imponant : uidere se omnes prouincie
644 1262 1994 1336 optimates in suam potestatem uenisse : uires tantum acuant uictoriam
644 1313 1973 1387 in manibus esse · neque nouum uiros mulieribus obedisse : amaczones
641 1367 2021 1438 Aliam sibi uectigalem fecisse : pugnasse : ad troiam : thesei atque herculis
644 1423 1967 1491 arma contemsisse : Si consilium : atque animus mulieribus adsit : uires
656 1477 2048 1551 haud quaquam deesse : Se nullus bohemi consilium suo preferre : ubi per¬
659 1537 1955 1608 swasam multitudinem animaduertit : palantes hostes : Et nil tale
662 1594 1985 1664 uerentes : agreditur : fit trepidacio totis castris : Mox feda oritur
650 1641 2030 1715 fuga : Instant uirgines : uirosque passim trucidant : Neque aliter pung¬
647 1695 2051 1775 natum est : quam si muliebres uiri : animos uiriles : femine induissent
650 1749 2036 1832 pauci ex ea pugna euaserunt : quos uelocitas equorum : non sua uirtus
820 1809 1988 1879 a morte redemit : Singularis audacie in hoc prelio septem
653 1868 2033 1939 puellas fuisse memorant : inladam : nodcam : Sroatariam : uorascam : radgam
632 1925 2021 1999 Czastanam : Tristanamque : Reginam sua manu septem uiros interemisse
638 1985 2018 2050 Spolia ingencia capta : premia pro meritis reddita : Septem que uirtute
650 2044 2018 2106 prestiterant : torquibus aureis : atque armillis donatas : ualascham ueluti
641 2095 2033 2163 deam habitam : Neque post id prelium bohemis aduersus puellas auda¬
635 2152 2027 2220 ciam fuisse : ille populari agros : abducere predas : rapere : occidere :
638 2212 1997 2276 uillas incendere potenciam in dies augere : fingere interdum se uirorum
635 2265 1967 2330 amore teneri : amatorias epistolas nobilibus adulescentibus mittere :
632 2325 1994 2387 detestari fastum : atque insolenciam ualasche : simulare fugam : Rogare
638 2385 2057 2444 in siluam potenti manu uenirent : ac se raperent : Iuuenes qui puellarum
