2479 3508
656 381 1964 443 maturare : pungna in campo : Cui tuscho nomen est committitur : concurrunt acies :
649 429 1997 488 magnis utrinque uiribus : atque clamoribus certatur : Stat belli fortuna diu
650 477 2009 536 anceps : Multi hinc atque inde uulnerantur : prosternuntur : occiduntur : ad ultimum
662 525 1963 587 bohemi qui non pro gloria aut ampliando imperio sed pro uita : pro
665 573 2051 631 focis : pro aris : pro uxoribus : ac liberis : in aciem uenissent : desperacione
665 611 1997 679 in uirtutem uersa : audacibus animis : inuicto robore preliantes : uictoria
659 662 2012 724 pociuntur : non sine Sdercii summa laude et gloria : Cuius in hoc bello tum ars :
656 710 1991 772 tum uirtus plurimum ualuit : Occidit tamen inter preliandum · Et ut iusserat :
662 761 1997 826 in eo campo sepultus est : ubi prelium gestum : Suaque morte uitam ducis
656 799 2045 876 Et patrie libertatem redemit : Ex hostibus ceso principe : quam paucissimi eua¬
644 856 2042 921 serunt : Aiunt adolescentem qui nouerce iussioni paruerat : domum redeuntem :
671 904 1961 966 uxorem suam quam unice amauit : interemptam repperisse : ambabus
656 949 1946 1014 carentem auribus : pectusque confossam : Quas hosti amputauerat :
656 990 2030 1061 aures coniugis sue fuisse : Stupentem tristemque cognouisse : tantum prestigia
668 1041 1988 1109 possunt aut ueneficarum carmina mulierum : bohemi parta uictoria : occiso
668 1092 2009 1154 uratislao terram eius ferro atque igne deuastant : inuentumue uratislai
662 1146 1988 1202 filium inpuberem : principi tradunt : Qui misertus etatis : patruelem
656 1193 2027 1249 educandum : duringo : ad egram fluuium Imperium possidenti : uratislao
656 1244 2033 1303 gratissimo quondam comiti : tradit : qui ceca cupidine captus : tanquam initurus principis
656 1301 2003 1360 graciam : puero super egra : qui tum glacie construtus erat : perfracto gelu
662 1355 1979 1411 pisces gerenti : gladio caput abstulit : Secumque pragam deferens : ubi
650 1402 2000 1464 ad neclam introductus est : proferens cruentum caput : Solium inquit hodie
656 1453 2051 1518 tuum firmaui Aut perire hoc : aut te oportuit : Securius in utramuis aurem
665 1501 2045 1566 post hac dormires : Emulo regno sublato : Motus haud aliter : quam parerat
668 1552 1961 1614 princeps tam diro spectaculo : perfidiam ait : nulla beneficia uincunt :
662 1600 2027 1673 ut aleres puerum : non ut occideres : credidi : te neque meum Imperium : neque
650 1650 1982 1715 amici memoria : neque innocentis pupilli miseracio : retraxit ab scelere :
653 1701 1973 1766 At michi quietem parare uoluisti : tui ergo meriti hec sumpto premia :
653 1755 1982 1814 Ex tribus mortibus : quam alueris opcionem habeto : aut gladio te ipsum
656 1803 2012 1864 confodito : aut laqueo perstringito guttur : aut ex uicegradensi rupe preces
656 1850 1991 1909 ruito : duringus accepta sentencia : in alni arbore que propinqua fuit :
653 1901 1958 1960 Sese suspendit : alnus postea quamdiu mansit : arbor duringia dicta est
646 1958 1955 2016 Necla uero moriens : hosiuisticum maiorem natu filium : heredem instituit :
644 2009 1973 2073 dipoldo prouinciam Gurimensem testamento dimisit : hostirico borsiuoius
656 2047 2009 2130 filius successit ultimus paganorum ducum : Qui tamen et ipse imperante arnulfo
650 2119 1611 2181 cesare : a beato methodio Morauorum archiepiscopo cum
1645 2110 1967 2169 ludimilla coniuge
644 2161 2015 2232 ad baptisimi graciam perductus est : noningentesimo et nonagessimo quinto anno
656 2218 2036 2279 post cristi saluatoris ortum Ludimilla sancta mulier habita : Eciam miraculis
656 2262 2033 2327 claruisse fertur : Suatocupus eo tempore morauis imperabat : Cristiane religionis
644 2316 2003 2375 cultor Et dignus cuius memoriam ad posteros referamus : Morauia trans
644 2361 2057 2420 danubium iacet cui ad orientem hungari polonique regnum possident : moraua
640 2406 1970 2474 disiuncti anime : qui nomen regioni dedit : occidentemque solem bohemi excipiunt
