<?xml version="1.0" encoding="UTF-8" standalone="yes"?>
<PcGts xmlns="http://schema.primaresearch.org/PAGE/gts/pagecontent/2013-07-15" xmlns:xsi="http://www.w3.org/2001/XMLSchema-instance" xsi:schemaLocation="http://schema.primaresearch.org/PAGE/gts/pagecontent/2013-07-15 http://schema.primaresearch.org/PAGE/gts/pagecontent/2013-07-15/pagecontent.xsd">
    <Metadata>
        <Creator>Transkribus</Creator>
        <Created>2025-10-17T12:55:07.599+02:00</Created>
        <LastChange>2025-12-03T23:12:22.857+01:00</LastChange>
    </Metadata>
    <Page imageFilename="11421593_0030_104475231.jpeg" imageWidth="2479" imageHeight="3508">
        <ReadingOrder>
            <OrderedGroup id="ro_1765533059047" caption="Regions reading order">
                <RegionRefIndexed index="0" regionRef="r"/>
            </OrderedGroup>
        </ReadingOrder>
        <TextRegion id="r" custom="readingOrder {index:0;}">
            <Coords points="468,405 1926,405 1926,2545 468,2545"/>
            <TextLine id="r_tl_1" custom="readingOrder {index:0;}">
                <Coords points="492,411 537,414 582,417 626,417 671,414 716,417 761,417 806,417 850,417 895,420 940,417 985,417 1030,417 1074,414 1119,414 1164,414 1209,411 1253,411 1298,408 1343,408 1388,411 1433,411 1477,411 1522,411 1567,411 1612,414 1656,414 1701,414 1746,414 1791,417 1836,414 1868,417 1868,467 1836,464 1791,467 1746,464 1701,464 1656,464 1612,464 1567,461 1522,461 1477,461 1433,461 1388,461 1343,458 1298,458 1253,461 1209,461 1164,464 1119,464 1074,464 1030,467 985,467 940,467 895,470 850,467 806,467 761,467 716,467 671,464 626,467 582,467 537,464 492,461"/>
                <Baseline points="492,456 537,459 582,462 626,462 671,459 716,462 761,462 806,462 850,462 895,465 940,462 985,462 1030,462 1074,459 1119,459 1164,459 1209,456 1253,456 1298,453 1343,453 1388,456 1433,456 1477,456 1522,456 1567,456 1612,459 1656,459 1701,459 1746,459 1791,462 1836,459 1868,462"/>
                <TextEquiv>
                    <Unicode>quondam satelles ciuis fuerat : iureiurando exhibito te submisisti et seruus</Unicode>
                </TextEquiv>
            </TextLine>
            <TextLine id="r_tl_2" custom="readingOrder {index:1;}">
                <Coords points="504,465 519,462 564,462 609,462 653,462 698,462 743,462 788,462 832,462 877,459 922,462 967,459 1012,459 1056,456 1101,456 1146,453 1191,453 1236,453 1280,453 1325,453 1370,453 1415,456 1459,459 1504,459 1549,459 1594,459 1639,459 1683,462 1728,462 1773,465 1818,462 1818,512 1773,515 1728,512 1683,512 1639,509 1594,509 1549,509 1504,509 1459,509 1415,506 1370,503 1325,503 1280,503 1236,503 1191,503 1146,503 1101,506 1056,506 1012,509 967,509 922,512 877,509 832,512 788,512 743,512 698,512 653,512 609,512 564,512 519,512 504,515"/>
                <Baseline points="504,510 519,507 564,507 609,507 653,507 698,507 743,507 788,507 832,507 877,504 922,507 967,504 1012,504 1056,501 1101,501 1146,498 1191,498 1236,498 1280,498 1325,498 1370,498 1415,501 1459,504 1504,504 1549,504 1594,504 1639,504 1683,507 1728,507 1773,510 1818,507"/>
                <TextEquiv>
                    <Unicode>serui factus : tuam simul ac maiorum tuorum gloriam obfuscasti : En</Unicode>
                </TextEquiv>
            </TextLine>
            <TextLine id="r_tl_3" custom="readingOrder {index:2;}">
                <Coords points="495,516 534,510 579,510 623,510 668,510 713,510 758,513 803,510 847,510 892,510 937,510 982,510 1027,510 1071,507 1116,507 1161,507 1206,504 1250,504 1295,504 1340,504 1385,504 1430,507 1474,507 1519,507 1564,507 1609,510 1653,510 1698,510 1743,510 1788,513 1833,510 1833,560 1788,563 1743,560 1698,560 1653,560 1609,560 1564,557 1519,557 1474,557 1430,557 1385,554 1340,554 1295,554 1250,554 1206,554 1161,557 1116,557 1071,557 1027,560 982,560 937,560 892,560 847,560 803,560 758,563 713,560 668,560 623,560 579,560 534,560 495,566"/>
                <Baseline points="495,561 534,555 579,555 623,555 668,555 713,555 758,558 803,555 847,555 892,555 937,555 982,555 1027,555 1071,552 1116,552 1161,552 1206,549 1250,549 1295,549 1340,549 1385,549 1430,552 1474,552 1519,552 1564,552 1609,555 1653,555 1698,555 1743,555 1788,558 1833,555"/>
                <TextEquiv>
                    <Unicode>uirum qui magnitudine cum renuisse Imperium uideri wlt : laudarem :</Unicode>
                </TextEquiv>
            </TextLine>
            <TextLine id="r_tl_4" custom="readingOrder {index:3;}">
                <Coords points="489,561 534,558 579,558 623,558 668,558 713,564 758,561 803,561 847,561 892,561 937,561 982,561 1027,564 1071,561 1116,558 1161,558 1206,555 1250,555 1295,552 1340,552 1385,552 1430,555 1474,555 1519,558 1564,561 1609,561 1653,564 1698,564 1743,567 1788,567 1833,570 1877,570 1907,575 1907,625 1877,620 1833,620 1788,617 1743,617 1698,614 1653,614 1609,611 1564,611 1519,608 1474,605 1430,605 1385,602 1340,602 1295,602 1250,605 1206,605 1161,608 1116,608 1071,611 1027,614 982,611 937,611 892,611 847,611 803,611 758,611 713,614 668,608 623,608 579,608 534,608 489,611"/>
                <Baseline points="489,606 534,603 579,603 623,603 668,603 713,609 758,606 803,606 847,606 892,606 937,606 982,606 1027,609 1071,606 1116,603 1161,603 1206,600 1250,600 1295,597 1340,597 1385,597 1430,600 1474,600 1519,603 1564,606 1609,606 1653,609 1698,609 1743,612 1788,612 1833,615 1877,615 1907,620"/>
                <TextEquiv>
                    <Unicode>Si te illi non subiecisses : Age tibi si uirilis animus deest : neque gladios</Unicode>
                </TextEquiv>
            </TextLine>
            <TextLine id="r_tl_5" custom="readingOrder {index:4;}">
                <Coords points="483,605 528,605 573,605 618,605 662,608 707,608 752,608 797,611 841,611 886,611 931,611 976,611 1021,611 1065,614 1110,614 1155,611 1200,608 1244,608 1289,608 1334,608 1379,608 1424,608 1468,608 1513,608 1558,608 1603,611 1648,611 1692,611 1737,614 1782,614 1821,617 1821,667 1782,664 1737,664 1692,661 1648,661 1603,661 1558,658 1513,658 1468,658 1424,658 1379,658 1334,658 1289,658 1244,658 1200,658 1155,661 1110,664 1065,664 1021,661 976,661 931,661 886,661 841,661 797,661 752,658 707,658 662,658 618,655 573,655 528,655 483,655"/>
                <Baseline points="483,650 528,650 573,650 618,650 662,653 707,653 752,653 797,656 841,656 886,656 931,656 976,656 1021,656 1065,659 1110,659 1155,656 1200,653 1244,653 1289,653 1334,653 1379,653 1424,653 1468,653 1513,653 1558,653 1603,656 1648,656 1692,656 1737,659 1782,659 1821,662"/>
                <TextEquiv>
                    <Unicode>exertos intueri potes : Sine me regem esse : Experiar profecto bohemis an</Unicode>
                </TextEquiv>
            </TextLine>
            <TextLine id="r_tl_6" custom="readingOrder {index:5;}">
                <Coords points="492,659 537,656 582,656 626,656 671,659 716,656 761,656 806,656 850,659 895,656 940,656 985,656 1030,656 1074,656 1119,656 1164,659 1209,656 1253,656 1298,656 1343,659 1388,659 1433,662 1477,665 1522,665 1567,665 1612,665 1656,665 1701,665 1746,665 1791,665 1836,668 1874,671 1874,721 1836,718 1791,715 1746,715 1701,715 1656,715 1612,715 1567,715 1522,715 1477,715 1433,712 1388,709 1343,709 1298,706 1253,706 1209,706 1164,709 1119,706 1074,706 1030,706 985,706 940,706 895,706 850,709 806,706 761,706 716,706 671,709 626,706 582,706 537,706 492,709"/>
                <Baseline points="492,704 537,701 582,701 626,701 671,704 716,701 761,701 806,701 850,704 895,701 940,701 985,701 1030,701 1074,701 1119,701 1164,704 1209,701 1253,701 1298,701 1343,704 1388,704 1433,707 1477,710 1522,710 1567,710 1612,710 1656,710 1701,710 1746,710 1791,710 1836,713 1874,716"/>
                <TextEquiv>
                    <Unicode>theutonibus imperium debeatur sunt poloni : Sunt Saxones : ac francones</Unicode>
                </TextEquiv>
            </TextLine>
            <TextLine id="r_tl_7" custom="readingOrder {index:6;}">
                <Coords points="465,698 510,698 555,698 600,701 644,701 689,704 734,704 779,704 824,704 868,704 913,707 958,707 1003,707 1047,707 1092,707 1137,710 1182,710 1227,707 1271,707 1316,707 1361,710 1406,710 1450,713 1495,713 1540,716 1585,716 1630,719 1674,719 1719,719 1764,719 1809,722 1836,722 1836,772 1809,772 1764,769 1719,769 1674,769 1630,769 1585,766 1540,766 1495,763 1450,763 1406,760 1361,760 1316,757 1271,757 1227,757 1182,760 1137,760 1092,757 1047,757 1003,757 958,757 913,757 868,754 824,754 779,754 734,754 689,754 644,751 600,751 555,748 510,748 465,748"/>
                <Baseline points="465,743 510,743 555,743 600,746 644,746 689,749 734,749 779,749 824,749 868,749 913,752 958,752 1003,752 1047,752 1092,752 1137,755 1182,755 1227,752 1271,752 1316,752 1361,755 1406,755 1450,758 1495,758 1540,761 1585,761 1630,764 1674,764 1719,764 1764,764 1809,767 1836,767"/>
                <TextEquiv>
                    <Unicode>Qui nostra signa sequntur ‧ Sunt Sclesite : Morauique et uerebimur</Unicode>
                </TextEquiv>
            </TextLine>
            <TextLine id="r_tl_8" custom="readingOrder {index:7;}">
                <Coords points="495,758 540,755 585,752 629,755 674,755 719,755 764,755 809,755 853,755 898,752 943,752 988,752 1032,752 1077,752 1122,752 1167,752 1212,752 1256,752 1301,755 1346,758 1391,758 1436,758 1480,758 1525,758 1570,758 1615,761 1659,761 1704,764 1749,764 1794,767 1839,767 1865,767 1865,817 1839,817 1794,817 1749,814 1704,814 1659,811 1615,811 1570,808 1525,808 1480,808 1436,808 1391,808 1346,808 1301,805 1256,802 1212,802 1167,802 1122,802 1077,802 1032,802 988,802 943,802 898,802 853,805 809,805 764,805 719,805 674,805 629,805 585,802 540,805 495,808"/>
                <Baseline points="495,803 540,800 585,797 629,800 674,800 719,800 764,800 809,800 853,800 898,797 943,797 988,797 1032,797 1077,797 1122,797 1167,797 1212,797 1256,797 1301,800 1346,803 1391,803 1436,803 1480,803 1525,803 1570,803 1615,806 1659,806 1704,809 1749,809 1794,812 1839,812 1865,812"/>
                <TextEquiv>
                    <Unicode>belli temptare fortunam ‧ Vtinam aut tibi meus animus fuerit : at michi</Unicode>
                </TextEquiv>
            </TextLine>
            <TextLine id="r_tl_9" custom="readingOrder {index:8;}">
                <Coords points="498,805 543,805 588,805 632,805 677,805 722,805 767,805 812,805 856,805 901,805 946,802 991,802 1035,805 1080,802 1125,805 1170,805 1215,805 1259,805 1304,805 1349,805 1394,808 1439,808 1483,811 1528,811 1573,811 1618,811 1662,811 1707,811 1752,811 1797,814 1809,811 1809,861 1797,864 1752,861 1707,861 1662,861 1618,861 1573,861 1528,861 1483,861 1439,858 1394,858 1349,855 1304,855 1259,855 1215,855 1170,855 1125,855 1080,852 1035,855 991,852 946,852 901,855 856,855 812,855 767,855 722,855 677,855 632,855 588,855 543,855 498,855"/>
                <Baseline points="498,850 543,850 588,850 632,850 677,850 722,850 767,850 812,850 856,850 901,850 946,847 991,847 1035,850 1080,847 1125,850 1170,850 1215,850 1259,850 1304,850 1349,850 1394,853 1439,853 1483,856 1528,856 1573,856 1618,856 1662,856 1707,856 1752,856 1797,859 1809,856"/>
                <TextEquiv>
                    <Unicode>obediencia : quam te animaduerto : Sentiret profecto rudolfus neque uires</Unicode>
                </TextEquiv>
            </TextLine>
            <TextLine id="r_tl_10" custom="readingOrder {index:9;}">
                <Coords points="492,856 537,856 582,856 626,856 671,856 716,856 761,856 806,853 850,856 895,856 940,856 985,856 1030,853 1074,853 1119,853 1164,856 1209,859 1253,859 1298,859 1343,862 1388,859 1433,862 1477,865 1522,862 1567,862 1612,862 1656,865 1701,865 1746,865 1791,865 1815,865 1815,915 1791,915 1746,915 1701,915 1656,915 1612,912 1567,912 1522,912 1477,915 1433,912 1388,909 1343,912 1298,909 1253,909 1209,909 1164,906 1119,903 1074,903 1030,903 985,906 940,906 895,906 850,906 806,903 761,906 716,906 671,906 626,906 582,906 537,906 492,906"/>
                <Baseline points="492,901 537,901 582,901 626,901 671,901 716,901 761,901 806,898 850,901 895,901 940,901 985,901 1030,898 1074,898 1119,898 1164,901 1209,904 1253,904 1298,904 1343,907 1388,904 1433,907 1477,910 1522,907 1567,907 1612,907 1656,910 1701,910 1746,910 1791,910 1815,910"/>
                <TextEquiv>
                    <Unicode>aduersus dominos ualere ‧ neque dolus ‧ othokarus qui uxoris caritate</Unicode>
                </TextEquiv>
            </TextLine>
            <TextLine id="r_tl_11" custom="readingOrder {index:10;}">
                <Coords points="492,907 537,904 582,904 626,904 671,907 716,907 761,907 806,910 850,910 895,910 940,910 985,907 1030,907 1074,907 1119,907 1164,907 1209,907 1253,907 1298,907 1343,907 1388,910 1433,910 1477,910 1522,910 1567,910 1612,910 1656,913 1701,916 1746,916 1791,919 1836,919 1874,922 1874,972 1836,969 1791,969 1746,966 1701,966 1656,963 1612,960 1567,960 1522,960 1477,960 1433,960 1388,960 1343,957 1298,957 1253,957 1209,957 1164,957 1119,957 1074,957 1030,957 985,957 940,960 895,960 850,960 806,960 761,957 716,957 671,957 626,954 582,954 537,954 492,957"/>
                <Baseline points="492,952 537,949 582,949 626,949 671,952 716,952 761,952 806,955 850,955 895,955 940,955 985,952 1030,952 1074,952 1119,952 1164,952 1209,952 1253,952 1298,952 1343,952 1388,955 1433,955 1477,955 1522,955 1567,955 1612,955 1656,958 1701,961 1746,961 1791,964 1836,964 1874,967"/>
                <TextEquiv>
                    <Unicode>teneretur Eamque uera locutam animaduerteret simulque animi magnitudine</Unicode>
                </TextEquiv>
            </TextLine>
            <TextLine id="r_tl_12" custom="readingOrder {index:11;}">
                <Coords points="489,958 534,958 579,958 623,958 668,958 713,958 758,958 803,961 847,961 892,961 937,961 982,961 1027,961 1071,961 1116,961 1161,961 1206,961 1250,958 1295,958 1340,955 1385,958 1430,958 1474,958 1519,958 1564,961 1609,961 1653,964 1698,967 1743,970 1788,970 1833,970 1836,973 1836,1023 1833,1020 1788,1020 1743,1020 1698,1017 1653,1014 1609,1011 1564,1011 1519,1008 1474,1008 1430,1008 1385,1008 1340,1005 1295,1008 1250,1008 1206,1011 1161,1011 1116,1011 1071,1011 1027,1011 982,1011 937,1011 892,1011 847,1011 803,1011 758,1008 713,1008 668,1008 623,1008 579,1008 534,1008 489,1008"/>
                <Baseline points="489,1003 534,1003 579,1003 623,1003 668,1003 713,1003 758,1003 803,1006 847,1006 892,1006 937,1006 982,1006 1027,1006 1071,1006 1116,1006 1161,1006 1206,1006 1250,1003 1295,1003 1340,1000 1385,1003 1430,1003 1474,1003 1519,1003 1564,1006 1609,1006 1653,1009 1698,1012 1743,1015 1788,1015 1833,1015 1836,1018"/>
                <TextEquiv>
                    <Unicode>irrogatam : contumeliam ferre non posset : accersitis regni primoribus</Unicode>
                </TextEquiv>
            </TextLine>
            <TextLine id="r_tl_13" custom="readingOrder {index:12;}">
                <Coords points="486,1011 531,1008 576,1008 620,1008 665,1011 710,1008 755,1011 800,1011 844,1011 889,1014 934,1014 979,1014 1024,1017 1068,1017 1113,1017 1158,1017 1203,1017 1247,1017 1292,1017 1337,1017 1382,1014 1427,1014 1471,1014 1516,1017 1561,1014 1606,1014 1650,1017 1695,1017 1740,1017 1785,1020 1830,1020 1839,1017 1839,1067 1830,1070 1785,1070 1740,1067 1695,1067 1650,1067 1606,1064 1561,1064 1516,1067 1471,1064 1427,1064 1382,1064 1337,1067 1292,1067 1247,1067 1203,1067 1158,1067 1113,1067 1068,1067 1024,1067 979,1064 934,1064 889,1064 844,1061 800,1061 755,1061 710,1058 665,1061 620,1058 576,1058 531,1058 486,1061"/>
                <Baseline points="486,1056 531,1053 576,1053 620,1053 665,1056 710,1053 755,1056 800,1056 844,1056 889,1059 934,1059 979,1059 1024,1062 1068,1062 1113,1062 1158,1062 1203,1062 1247,1062 1292,1062 1337,1062 1382,1059 1427,1059 1471,1059 1516,1062 1561,1059 1606,1059 1650,1062 1695,1062 1740,1062 1785,1065 1830,1065 1839,1062"/>
                <TextEquiv>
                    <Unicode>Collectisque nouis copis : Rudolfo qui dolo secum egisset : bellum indicit</Unicode>
                </TextEquiv>
            </TextLine>
            <TextLine id="r_tl_14" custom="readingOrder {index:13;}">
                <Coords points="495,1062 540,1062 585,1059 629,1062 674,1062 719,1062 764,1062 809,1062 853,1062 898,1065 943,1065 988,1065 1032,1065 1077,1068 1122,1068 1167,1068 1212,1068 1256,1068 1301,1068 1346,1068 1391,1068 1436,1071 1480,1074 1525,1074 1570,1077 1615,1074 1659,1077 1704,1077 1749,1080 1794,1077 1818,1080 1818,1130 1794,1127 1749,1130 1704,1127 1659,1127 1615,1124 1570,1127 1525,1124 1480,1124 1436,1121 1391,1118 1346,1118 1301,1118 1256,1118 1212,1118 1167,1118 1122,1118 1077,1118 1032,1115 988,1115 943,1115 898,1115 853,1112 809,1112 764,1112 719,1112 674,1112 629,1112 585,1109 540,1112 495,1112"/>
                <Baseline points="495,1107 540,1107 585,1104 629,1107 674,1107 719,1107 764,1107 809,1107 853,1107 898,1110 943,1110 988,1110 1032,1110 1077,1113 1122,1113 1167,1113 1212,1113 1256,1113 1301,1113 1346,1113 1391,1113 1436,1116 1480,1119 1525,1119 1570,1122 1615,1119 1659,1122 1704,1122 1749,1125 1794,1122 1818,1125"/>
                <TextEquiv>
                    <Unicode>Neque ille certamen detrectat conueniunt ambo cum exercitibus in campis</Unicode>
                </TextEquiv>
            </TextLine>
            <TextLine id="r_tl_15" custom="readingOrder {index:14;}">
                <Coords points="492,1113 537,1113 582,1116 626,1116 671,1116 716,1116 761,1116 806,1116 850,1116 895,1116 940,1119 985,1119 1030,1119 1074,1119 1119,1119 1164,1116 1209,1116 1253,1119 1298,1119 1343,1119 1388,1119 1433,1122 1477,1122 1522,1125 1567,1125 1612,1122 1656,1122 1701,1122 1746,1122 1791,1125 1836,1128 1854,1128 1854,1178 1836,1178 1791,1175 1746,1172 1701,1172 1656,1172 1612,1172 1567,1175 1522,1175 1477,1172 1433,1172 1388,1169 1343,1169 1298,1169 1253,1169 1209,1166 1164,1166 1119,1169 1074,1169 1030,1169 985,1169 940,1169 895,1166 850,1166 806,1166 761,1166 716,1166 671,1166 626,1166 582,1166 537,1163 492,1163"/>
                <Baseline points="492,1158 537,1158 582,1161 626,1161 671,1161 716,1161 761,1161 806,1161 850,1161 895,1161 940,1164 985,1164 1030,1164 1074,1164 1119,1164 1164,1161 1209,1161 1253,1164 1298,1164 1343,1164 1388,1164 1433,1167 1477,1167 1522,1170 1567,1170 1612,1167 1656,1167 1701,1167 1746,1167 1791,1170 1836,1173 1854,1173"/>
                <TextEquiv>
                    <Unicode>austrie trans dannubium ‧ Comissum est atrox prelium : denique marte</Unicode>
                </TextEquiv>
            </TextLine>
            <TextLine id="r_tl_16" custom="readingOrder {index:15;}">
                <Coords points="489,1173 534,1170 579,1170 623,1170 668,1170 713,1170 758,1167 803,1167 847,1167 892,1167 937,1167 982,1167 1027,1167 1071,1167 1116,1170 1161,1167 1206,1170 1250,1170 1295,1170 1340,1170 1385,1173 1430,1176 1474,1179 1519,1179 1564,1179 1609,1179 1653,1182 1698,1179 1743,1182 1788,1182 1833,1185 1842,1185 1842,1235 1833,1235 1788,1232 1743,1232 1698,1229 1653,1232 1609,1229 1564,1229 1519,1229 1474,1229 1430,1226 1385,1223 1340,1220 1295,1220 1250,1220 1206,1220 1161,1217 1116,1220 1071,1217 1027,1217 982,1217 937,1217 892,1217 847,1217 803,1217 758,1217 713,1220 668,1220 623,1220 579,1220 534,1220 489,1223"/>
                <Baseline points="489,1218 534,1215 579,1215 623,1215 668,1215 713,1215 758,1212 803,1212 847,1212 892,1212 937,1212 982,1212 1027,1212 1071,1212 1116,1215 1161,1212 1206,1215 1250,1215 1295,1215 1340,1215 1385,1218 1430,1221 1474,1224 1519,1224 1564,1224 1609,1224 1653,1227 1698,1224 1743,1227 1788,1227 1833,1230 1842,1230"/>
                <TextEquiv>
                    <Unicode>dubio depugnatum : Cum bohemi multitudine ac robore ‧ Sweui quibus</Unicode>
                </TextEquiv>
            </TextLine>
            <TextLine id="r_tl_17" custom="readingOrder {index:16;}">
                <Coords points="498,1232 543,1229 588,1229 632,1229 677,1229 722,1229 767,1229 812,1226 856,1226 901,1226 946,1226 991,1226 1035,1226 1080,1229 1125,1226 1170,1226 1215,1226 1259,1226 1304,1229 1349,1226 1394,1229 1439,1229 1483,1229 1528,1232 1573,1235 1618,1235 1662,1235 1707,1235 1752,1238 1797,1238 1839,1241 1839,1291 1797,1288 1752,1288 1707,1285 1662,1285 1618,1285 1573,1285 1528,1282 1483,1279 1439,1279 1394,1279 1349,1276 1304,1279 1259,1276 1215,1276 1170,1276 1125,1276 1080,1279 1035,1276 991,1276 946,1276 901,1276 856,1276 812,1276 767,1279 722,1279 677,1279 632,1279 588,1279 543,1279 498,1282"/>
                <Baseline points="498,1277 543,1274 588,1274 632,1274 677,1274 722,1274 767,1274 812,1271 856,1271 901,1271 946,1271 991,1271 1035,1271 1080,1274 1125,1271 1170,1271 1215,1271 1259,1271 1304,1274 1349,1271 1394,1274 1439,1274 1483,1274 1528,1277 1573,1280 1618,1280 1662,1280 1707,1280 1752,1283 1797,1283 1839,1286"/>
                <TextEquiv>
                    <Unicode>rudolfus maxime fidebat : ordine atque arte superiores essent : Cecidere</Unicode>
                </TextEquiv>
            </TextLine>
            <TextLine id="r_tl_18" custom="readingOrder {index:17;}">
                <Coords points="492,1286 537,1283 582,1283 626,1283 671,1286 716,1286 761,1286 806,1283 850,1286 895,1286 940,1286 985,1286 1030,1286 1074,1286 1119,1286 1164,1283 1209,1283 1253,1283 1298,1283 1343,1283 1388,1283 1433,1283 1477,1286 1522,1286 1567,1289 1612,1289 1656,1289 1701,1292 1746,1292 1791,1292 1836,1295 1836,1345 1791,1342 1746,1342 1701,1342 1656,1339 1612,1339 1567,1339 1522,1336 1477,1336 1433,1333 1388,1333 1343,1333 1298,1333 1253,1333 1209,1333 1164,1333 1119,1336 1074,1336 1030,1336 985,1336 940,1336 895,1336 850,1336 806,1333 761,1336 716,1336 671,1336 626,1333 582,1333 537,1333 492,1336"/>
                <Baseline points="492,1331 537,1328 582,1328 626,1328 671,1331 716,1331 761,1331 806,1328 850,1331 895,1331 940,1331 985,1331 1030,1331 1074,1331 1119,1331 1164,1328 1209,1328 1253,1328 1298,1328 1343,1328 1388,1328 1433,1328 1477,1331 1522,1331 1567,1334 1612,1334 1656,1334 1701,1337 1746,1337 1791,1337 1836,1340"/>
                <TextEquiv>
                    <Unicode>complurimi ex utraque parte ‧ Maior tamen strages bohemorum edita : ad</Unicode>
                </TextEquiv>
            </TextLine>
            <TextLine id="r_tl_19" custom="readingOrder {index:18;}">
                <Coords points="492,1349 510,1349 555,1349 600,1349 644,1346 689,1346 734,1346 779,1346 824,1346 868,1346 913,1346 958,1346 1003,1346 1047,1343 1092,1343 1137,1343 1182,1343 1227,1343 1271,1343 1316,1343 1361,1343 1406,1343 1450,1343 1495,1340 1540,1340 1585,1340 1630,1340 1674,1340 1719,1343 1764,1343 1809,1343 1854,1343 1898,1343 1898,1393 1854,1393 1809,1393 1764,1393 1719,1393 1674,1390 1630,1390 1585,1390 1540,1390 1495,1390 1450,1393 1406,1393 1361,1393 1316,1393 1271,1393 1227,1393 1182,1393 1137,1393 1092,1393 1047,1393 1003,1396 958,1396 913,1396 868,1396 824,1396 779,1396 734,1396 689,1396 644,1396 600,1399 555,1399 510,1399 492,1399"/>
                <Baseline points="492,1394 510,1394 555,1394 600,1394 644,1391 689,1391 734,1391 779,1391 824,1391 868,1391 913,1391 958,1391 1003,1391 1047,1388 1092,1388 1137,1388 1182,1388 1227,1388 1271,1388 1316,1388 1361,1388 1406,1388 1450,1388 1495,1385 1540,1385 1585,1385 1630,1385 1674,1385 1719,1388 1764,1388 1809,1388 1854,1388 1898,1388"/>
                <TextEquiv>
                    <Unicode>extremum relictus a suis Othokarus dum fortiter pugnat : inter confer¬</Unicode>
                </TextEquiv>
            </TextLine>
            <TextLine id="r_tl_20" custom="readingOrder {index:19;}">
                <Coords points="492,1408 537,1408 582,1405 626,1408 671,1405 716,1405 761,1405 806,1402 850,1402 895,1402 940,1402 985,1402 1030,1402 1074,1402 1119,1402 1164,1402 1209,1399 1253,1399 1298,1399 1343,1402 1388,1399 1433,1399 1477,1402 1522,1402 1567,1402 1612,1402 1656,1399 1701,1399 1746,1402 1791,1402 1836,1402 1836,1452 1791,1452 1746,1452 1701,1449 1656,1449 1612,1452 1567,1452 1522,1452 1477,1452 1433,1449 1388,1449 1343,1452 1298,1449 1253,1449 1209,1449 1164,1452 1119,1452 1074,1452 1030,1452 985,1452 940,1452 895,1452 850,1452 806,1452 761,1455 716,1455 671,1455 626,1458 582,1455 537,1458 492,1458"/>
                <Baseline points="492,1453 537,1453 582,1450 626,1453 671,1450 716,1450 761,1450 806,1447 850,1447 895,1447 940,1447 985,1447 1030,1447 1074,1447 1119,1447 1164,1447 1209,1444 1253,1444 1298,1444 1343,1447 1388,1444 1433,1444 1477,1447 1522,1447 1567,1447 1612,1447 1656,1444 1701,1444 1746,1447 1791,1447 1836,1447"/>
                <TextEquiv>
                    <Unicode>tissimas hostium acies occiditur : ferunt Stirienses duos : domi nobiles</Unicode>
                </TextEquiv>
            </TextLine>
            <TextLine id="r_tl_21" custom="readingOrder {index:20;}">
                <Coords points="489,1459 534,1459 579,1459 623,1459 668,1459 713,1459 758,1456 803,1459 847,1459 892,1459 937,1459 982,1459 1027,1459 1071,1459 1116,1459 1161,1459 1206,1459 1250,1459 1295,1459 1340,1459 1385,1459 1430,1459 1474,1456 1519,1459 1564,1462 1609,1459 1653,1459 1698,1459 1743,1459 1788,1459 1833,1459 1848,1459 1848,1509 1833,1509 1788,1509 1743,1509 1698,1509 1653,1509 1609,1509 1564,1512 1519,1509 1474,1506 1430,1509 1385,1509 1340,1509 1295,1509 1250,1509 1206,1509 1161,1509 1116,1509 1071,1509 1027,1509 982,1509 937,1509 892,1509 847,1509 803,1509 758,1506 713,1509 668,1509 623,1509 579,1509 534,1509 489,1509"/>
                <Baseline points="489,1504 534,1504 579,1504 623,1504 668,1504 713,1504 758,1501 803,1504 847,1504 892,1504 937,1504 982,1504 1027,1504 1071,1504 1116,1504 1161,1504 1206,1504 1250,1504 1295,1504 1340,1504 1385,1504 1430,1504 1474,1501 1519,1504 1564,1507 1609,1504 1653,1504 1698,1504 1743,1504 1788,1504 1833,1504 1848,1504"/>
                <TextEquiv>
                    <Unicode>quorum frater ab othokaro per iniuriam extinctus fuisset : eum toto prelio</Unicode>
                </TextEquiv>
            </TextLine>
            <TextLine id="r_tl_22" custom="readingOrder {index:21;}">
                <Coords points="477,1510 522,1510 567,1513 612,1513 656,1513 701,1513 746,1513 791,1513 835,1516 880,1516 925,1516 970,1519 1015,1516 1059,1516 1104,1516 1149,1513 1194,1513 1238,1513 1283,1513 1328,1513 1373,1513 1418,1516 1462,1513 1507,1516 1552,1513 1597,1513 1642,1513 1686,1516 1731,1516 1776,1513 1821,1522 1830,1522 1830,1572 1821,1572 1776,1563 1731,1566 1686,1566 1642,1563 1597,1563 1552,1563 1507,1566 1462,1563 1418,1566 1373,1563 1328,1563 1283,1563 1238,1563 1194,1563 1149,1563 1104,1566 1059,1566 1015,1566 970,1569 925,1566 880,1566 835,1566 791,1563 746,1563 701,1563 656,1563 612,1563 567,1563 522,1560 477,1560"/>
                <Baseline points="477,1555 522,1555 567,1558 612,1558 656,1558 701,1558 746,1558 791,1558 835,1561 880,1561 925,1561 970,1564 1015,1561 1059,1561 1104,1561 1149,1558 1194,1558 1238,1558 1283,1558 1328,1558 1373,1558 1418,1561 1462,1558 1507,1561 1552,1558 1597,1558 1642,1558 1686,1561 1731,1561 1776,1558 1821,1567 1830,1567"/>
                <TextEquiv>
                    <Unicode>quesitum cum certis indiciis cognouissent : in ulcionem fraterne cedis :</Unicode>
                </TextEquiv>
            </TextLine>
            <TextLine id="r_tl_23" custom="readingOrder {index:22;}">
                <Coords points="274,1570 286,1570 331,1570 376,1570 420,1570 465,1564 489,1570 501,1573 546,1570 591,1570 635,1573 680,1573 725,1573 770,1573 815,1573 859,1573 904,1573 949,1576 994,1573 1038,1573 1083,1570 1128,1570 1173,1567 1218,1567 1262,1567 1307,1567 1352,1570 1397,1570 1442,1570 1486,1570 1531,1570 1576,1573 1621,1573 1665,1573 1710,1573 1755,1573 1800,1570 1845,1570 1889,1567 1934,1567 1979,1564 2024,1558 2068,1555 2113,1555 2158,1555 2203,1549 2203,1599 2158,1605 2113,1605 2068,1605 2024,1608 1979,1614 1934,1617 1889,1617 1845,1620 1800,1620 1755,1623 1710,1623 1665,1623 1621,1623 1576,1623 1531,1620 1486,1620 1442,1620 1397,1620 1352,1620 1307,1617 1262,1617 1218,1617 1173,1617 1128,1620 1083,1620 1038,1623 994,1623 949,1626 904,1623 859,1623 815,1623 770,1623 725,1623 680,1623 635,1623 591,1620 546,1620 501,1623 489,1620 465,1614 420,1620 376,1620 331,1620 286,1620 274,1620"/>
                <Baseline points="489,1615 501,1618 546,1615 591,1615 635,1618 680,1618 725,1618 770,1618 815,1618 859,1618 904,1618 949,1621 994,1618 1038,1618 1083,1615 1128,1615 1173,1612 1218,1612 1262,1612 1307,1612 1352,1615 1397,1615 1442,1615 1486,1615 1531,1615 1576,1618 1621,1618 1665,1618 1710,1618 1755,1618 1800,1615 1866,1615"/>
                <TextEquiv>
                    <Unicode>obtruncauisse ‧ Corpus eius permittente rudolfo in bohemiam translatum</Unicode>
                </TextEquiv>
            </TextLine>
            <TextLine id="l_1" custom="readingOrder {index:23;}">
                <Coords points="1863,1682 1848,1682 1803,1682 1758,1682 1713,1679 1668,1679 1624,1676 1579,1676 1534,1676 1489,1676 1444,1676 1400,1676 1355,1676 1310,1673 1265,1673 1221,1670 1176,1673 1131,1673 1086,1676 1041,1676 997,1676 952,1673 907,1673 862,1673 818,1673 773,1673 728,1673 683,1676 638,1676 594,1673 549,1673 504,1673 489,1679 489,1629 504,1623 549,1623 594,1623 638,1626 683,1626 728,1623 773,1623 818,1623 862,1623 907,1623 952,1623 997,1626 1041,1626 1086,1626 1131,1623 1176,1623 1221,1620 1265,1623 1310,1623 1355,1626 1400,1626 1444,1626 1489,1626 1534,1626 1579,1626 1624,1626 1668,1629 1713,1629 1758,1632 1803,1632 1848,1632 1863,1632"/>
                <Baseline points="489,1674 504,1668 549,1668 594,1668 638,1671 683,1671 728,1668 773,1668 818,1668 862,1668 907,1668 952,1668 997,1671 1041,1671 1086,1671 1131,1668 1176,1668 1221,1665 1265,1668 1310,1668 1355,1671 1400,1671 1444,1671 1489,1671 1534,1671 1579,1671 1624,1671 1668,1674 1713,1674 1758,1677 1803,1677 1863,1677"/>
                <TextEquiv>
                    <Unicode>Regio honore sepultum ‧ prelium ipso die beati ruffi peractum : Anno ab</Unicode>
                </TextEquiv>
            </TextLine>
            <TextLine id="r_tl_25" custom="readingOrder {index:24;}">
                <Coords points="492,1680 537,1680 582,1680 626,1683 671,1683 716,1683 761,1683 806,1683 850,1683 895,1683 940,1680 985,1680 1030,1680 1074,1680 1119,1677 1164,1674 1209,1677 1253,1674 1298,1674 1343,1677 1388,1680 1433,1680 1477,1680 1522,1680 1567,1683 1612,1683 1656,1683 1701,1686 1746,1689 1791,1689 1824,1695 1824,1745 1791,1739 1746,1739 1701,1736 1656,1733 1612,1733 1567,1733 1522,1730 1477,1730 1433,1730 1388,1730 1343,1727 1298,1724 1253,1724 1209,1727 1164,1724 1119,1727 1074,1730 1030,1730 985,1730 940,1730 895,1733 850,1733 806,1733 761,1733 716,1733 671,1733 626,1733 582,1730 537,1730 492,1730"/>
                <Baseline points="492,1725 537,1725 582,1725 626,1728 671,1728 716,1728 761,1728 806,1728 850,1728 895,1728 940,1725 985,1725 1030,1725 1074,1725 1119,1722 1164,1719 1209,1722 1253,1719 1298,1719 1343,1722 1388,1725 1433,1725 1477,1725 1522,1725 1567,1728 1612,1728 1656,1728 1701,1731 1746,1734 1791,1734 1824,1740"/>
                <TextEquiv>
                    <Unicode>incarnacione uerbi octauo et septuagesimo post ducentos ac mille</Unicode>
                </TextEquiv>
            </TextLine>
            <TextLine id="r_tl_26" custom="readingOrder {index:25;}">
                <Coords points="483,1737 528,1737 573,1737 618,1737 662,1737 707,1737 752,1734 797,1737 841,1737 886,1740 931,1737 976,1737 1021,1737 1065,1737 1110,1737 1155,1737 1200,1734 1244,1734 1289,1731 1334,1731 1379,1734 1424,1734 1468,1734 1513,1734 1558,1737 1603,1737 1648,1740 1692,1740 1737,1743 1782,1746 1827,1749 1857,1746 1857,1796 1827,1799 1782,1796 1737,1793 1692,1790 1648,1790 1603,1787 1558,1787 1513,1784 1468,1784 1424,1784 1379,1784 1334,1781 1289,1781 1244,1784 1200,1784 1155,1787 1110,1787 1065,1787 1021,1787 976,1787 931,1787 886,1790 841,1787 797,1787 752,1784 707,1787 662,1787 618,1787 573,1787 528,1787 483,1787"/>
                <Baseline points="483,1782 528,1782 573,1782 618,1782 662,1782 707,1782 752,1779 797,1782 841,1782 886,1785 931,1782 976,1782 1021,1782 1065,1782 1110,1782 1155,1782 1200,1779 1244,1779 1289,1776 1334,1776 1379,1779 1424,1779 1468,1779 1513,1779 1558,1782 1603,1782 1648,1785 1692,1785 1737,1788 1782,1791 1827,1794 1857,1791"/>
                <TextEquiv>
                    <Unicode>a populacione bohemie imperatorem abstinuisse : que genero deberetur</Unicode>
                </TextEquiv>
            </TextLine>
            <TextLine id="r_tl_27" custom="readingOrder {index:26;}">
                <Coords points="498,1800 543,1794 588,1794 632,1794 677,1794 722,1794 767,1794 812,1794 856,1791 901,1794 946,1794 991,1791 1035,1791 1080,1791 1125,1791 1170,1791 1215,1788 1259,1785 1304,1788 1349,1785 1394,1788 1439,1788 1483,1788 1528,1791 1573,1791 1618,1794 1662,1794 1707,1797 1752,1797 1797,1803 1842,1806 1859,1806 1859,1856 1842,1856 1797,1853 1752,1847 1707,1847 1662,1844 1618,1844 1573,1841 1528,1841 1483,1838 1439,1838 1394,1838 1349,1835 1304,1838 1259,1835 1215,1838 1170,1841 1125,1841 1080,1841 1035,1841 991,1841 946,1844 901,1844 856,1841 812,1844 767,1844 722,1844 677,1844 632,1844 588,1844 543,1844 498,1850"/>
                <Baseline points="498,1845 543,1839 588,1839 632,1839 677,1839 722,1839 767,1839 812,1839 856,1836 901,1839 946,1839 991,1836 1035,1836 1080,1836 1125,1836 1170,1836 1215,1833 1259,1830 1304,1833 1349,1830 1394,1833 1439,1833 1483,1833 1528,1836 1573,1836 1618,1839 1662,1839 1707,1842 1752,1842 1797,1848 1842,1851 1859,1851"/>
                <TextEquiv>
                    <Unicode>Venczeslaum Othokari filium septem annos natum : ab othone Mar¬</Unicode>
                </TextEquiv>
            </TextLine>
            <TextLine id="r_tl_28" custom="readingOrder {index:27;}">
                <Coords points="492,1850 537,1850 582,1853 626,1850 671,1853 716,1850 761,1853 806,1853 850,1850 895,1850 940,1850 985,1850 1030,1847 1074,1847 1119,1847 1164,1847 1209,1847 1253,1844 1298,1847 1343,1847 1388,1847 1433,1847 1477,1850 1522,1847 1567,1850 1612,1850 1656,1850 1701,1853 1746,1856 1791,1856 1836,1859 1880,1859 1880,1909 1836,1909 1791,1906 1746,1906 1701,1903 1656,1900 1612,1900 1567,1900 1522,1897 1477,1900 1433,1897 1388,1897 1343,1897 1298,1897 1253,1894 1209,1897 1164,1897 1119,1897 1074,1897 1030,1897 985,1900 940,1900 895,1900 850,1900 806,1903 761,1903 716,1900 671,1903 626,1900 582,1903 537,1900 492,1900"/>
                <Baseline points="492,1895 537,1895 582,1898 626,1895 671,1898 716,1895 761,1898 806,1898 850,1895 895,1895 940,1895 985,1895 1030,1892 1074,1892 1119,1892 1164,1892 1209,1892 1253,1889 1298,1892 1343,1892 1388,1892 1433,1892 1477,1895 1522,1892 1567,1895 1612,1895 1656,1895 1701,1898 1746,1901 1791,1901 1836,1904 1880,1904"/>
                <TextEquiv>
                    <Unicode>chione brandeburgensi : in franconiam adductum Regnumque tutorio nomine</Unicode>
                </TextEquiv>
            </TextLine>
            <TextLine id="r_tl_29" custom="readingOrder {index:28;}">
                <Coords points="489,1904 534,1904 579,1904 623,1904 668,1907 713,1907 758,1907 803,1907 847,1907 892,1907 937,1907 982,1907 1027,1904 1071,1907 1116,1910 1161,1907 1206,1907 1250,1907 1295,1907 1340,1910 1385,1910 1430,1913 1474,1910 1519,1913 1564,1913 1609,1913 1653,1916 1698,1916 1743,1919 1788,1919 1833,1919 1833,1969 1788,1969 1743,1969 1698,1966 1653,1966 1609,1963 1564,1963 1519,1963 1474,1960 1430,1963 1385,1960 1340,1960 1295,1957 1250,1957 1206,1957 1161,1957 1116,1960 1071,1957 1027,1954 982,1957 937,1957 892,1957 847,1957 803,1957 758,1957 713,1957 668,1957 623,1954 579,1954 534,1954 489,1954"/>
                <Baseline points="489,1949 534,1949 579,1949 623,1949 668,1952 713,1952 758,1952 803,1952 847,1952 892,1952 937,1952 982,1952 1027,1949 1071,1952 1116,1955 1161,1952 1206,1952 1250,1952 1295,1952 1340,1955 1385,1955 1430,1958 1474,1955 1519,1958 1564,1958 1609,1958 1653,1961 1698,1961 1743,1964 1788,1964 1833,1964"/>
                <TextEquiv>
                    <Unicode>ab eo quinque annis gubernatum : Reuersum puerum sub imperio matris</Unicode>
                </TextEquiv>
            </TextLine>
            <TextLine id="r_tl_30" custom="readingOrder {index:29;}">
                <Coords points="495,1964 540,1964 585,1964 629,1961 674,1961 719,1961 764,1961 809,1961 853,1964 898,1961 943,1961 988,1961 1032,1958 1077,1958 1122,1961 1167,1961 1212,1961 1256,1961 1301,1964 1346,1967 1391,1967 1436,1967 1480,1967 1525,1967 1570,1967 1615,1967 1659,1970 1704,1973 1749,1973 1794,1976 1839,1976 1871,1976 1871,2026 1839,2026 1794,2026 1749,2023 1704,2023 1659,2020 1615,2017 1570,2017 1525,2017 1480,2017 1436,2017 1391,2017 1346,2017 1301,2014 1256,2011 1212,2011 1167,2011 1122,2011 1077,2008 1032,2008 988,2011 943,2011 898,2011 853,2014 809,2011 764,2011 719,2011 674,2011 629,2011 585,2014 540,2014 495,2014"/>
                <Baseline points="495,2009 540,2009 585,2009 629,2006 674,2006 719,2006 764,2006 809,2006 853,2009 898,2006 943,2006 988,2006 1032,2003 1077,2003 1122,2006 1167,2006 1212,2006 1256,2006 1301,2009 1346,2012 1391,2012 1436,2012 1480,2012 1525,2012 1570,2012 1615,2012 1659,2015 1704,2018 1749,2018 1794,2021 1839,2021 1871,2021"/>
                <TextEquiv>
                    <Unicode>fuisse : illam Czeuisium quendam ex baronibus potentem amasse : Cuius</Unicode>
                </TextEquiv>
            </TextLine>
            <TextLine id="r_tl_31" custom="readingOrder {index:30;}">
                <Coords points="495,2012 540,2015 585,2018 629,2018 674,2018 719,2020 764,2018 809,2018 853,2018 898,2018 943,2018 988,2018 1032,2018 1077,2015 1122,2015 1167,2015 1212,2015 1256,2015 1301,2015 1346,2015 1391,2015 1436,2018 1480,2018 1525,2018 1570,2018 1615,2020 1659,2020 1704,2023 1749,2023 1794,2026 1839,2026 1857,2023 1857,2073 1839,2076 1794,2076 1749,2073 1704,2073 1659,2070 1615,2070 1570,2068 1525,2068 1480,2068 1436,2068 1391,2065 1346,2065 1301,2065 1256,2065 1212,2065 1167,2065 1122,2065 1077,2065 1032,2068 988,2068 943,2068 898,2068 853,2068 809,2068 764,2068 719,2070 674,2068 629,2068 585,2068 540,2065 495,2062"/>
                <Baseline points="495,2057 540,2060 585,2063 629,2063 674,2063 719,2065 764,2063 809,2063 853,2063 898,2063 943,2063 988,2063 1032,2063 1077,2060 1122,2060 1167,2060 1212,2060 1256,2060 1301,2060 1346,2060 1391,2060 1436,2063 1480,2063 1525,2063 1570,2063 1615,2065 1659,2065 1704,2068 1749,2068 1794,2071 1839,2071 1857,2068"/>
                <TextEquiv>
                    <Unicode>nupcias adeptam multas regni opes ad eum contulisse ‧ Sed ipsa breui</Unicode>
                </TextEquiv>
            </TextLine>
            <TextLine id="r_tl_32" custom="readingOrder {index:31;}">
                <Coords points="489,2062 534,2065 579,2065 623,2068 668,2071 713,2071 758,2074 803,2074 847,2077 892,2074 937,2074 982,2074 1027,2074 1071,2074 1116,2071 1161,2071 1206,2074 1250,2074 1295,2074 1340,2074 1385,2074 1430,2074 1474,2074 1519,2077 1564,2077 1609,2077 1653,2080 1698,2077 1743,2080 1788,2080 1833,2080 1848,2077 1848,2127 1833,2130 1788,2130 1743,2130 1698,2127 1653,2130 1609,2127 1564,2127 1519,2127 1474,2124 1430,2124 1385,2124 1340,2124 1295,2124 1250,2124 1206,2124 1161,2121 1116,2121 1071,2124 1027,2124 982,2124 937,2124 892,2124 847,2127 803,2124 758,2124 713,2121 668,2121 623,2118 579,2115 534,2115 489,2112"/>
                <Baseline points="489,2107 534,2110 579,2110 623,2113 668,2116 713,2116 758,2119 803,2119 847,2122 892,2119 937,2119 982,2119 1027,2119 1071,2119 1116,2116 1161,2116 1206,2119 1250,2119 1295,2119 1340,2119 1385,2119 1430,2119 1474,2119 1519,2122 1564,2122 1609,2122 1653,2125 1698,2122 1743,2125 1788,2125 1833,2125 1848,2122"/>
                <TextEquiv>
                    <Unicode>morbo extincta ‧ Czeuisium captum : necique traditum ‧ Regnum deinde</Unicode>
                </TextEquiv>
            </TextLine>
            <TextLine id="r_tl_33" custom="readingOrder {index:32;}">
                <Coords points="489,2116 534,2119 579,2122 623,2122 668,2125 713,2125 758,2125 803,2125 847,2128 892,2128 937,2128 982,2125 1027,2125 1071,2125 1116,2122 1161,2122 1206,2119 1250,2119 1295,2119 1340,2122 1385,2122 1430,2122 1474,2125 1519,2125 1564,2128 1609,2128 1653,2128 1698,2128 1743,2128 1788,2128 1833,2131 1871,2131 1871,2181 1833,2181 1788,2178 1743,2178 1698,2178 1653,2178 1609,2178 1564,2178 1519,2175 1474,2175 1430,2172 1385,2172 1340,2172 1295,2169 1250,2169 1206,2169 1161,2172 1116,2172 1071,2175 1027,2175 982,2175 937,2178 892,2178 847,2178 803,2175 758,2175 713,2175 668,2175 623,2172 579,2172 534,2169 489,2166"/>
                <Baseline points="489,2161 534,2164 579,2167 623,2167 668,2170 713,2170 758,2170 803,2170 847,2173 892,2173 937,2173 982,2170 1027,2170 1071,2170 1116,2167 1161,2167 1206,2164 1250,2164 1295,2164 1340,2167 1385,2167 1430,2167 1474,2170 1519,2170 1564,2173 1609,2173 1653,2173 1698,2173 1743,2173 1788,2173 1833,2176 1871,2176"/>
                <TextEquiv>
                    <Unicode>ex Wenczeslai arbitrio ordinatum ‧ Quo regnante : Eo ipso anno quo</Unicode>
                </TextEquiv>
            </TextLine>
            <TextLine id="r_tl_34" custom="readingOrder {index:33;}">
                <Coords points="495,2179 540,2179 585,2179 629,2179 674,2182 719,2182 764,2182 809,2182 853,2185 898,2185 943,2182 988,2182 1032,2182 1077,2182 1122,2179 1167,2179 1212,2176 1256,2176 1301,2176 1346,2176 1391,2176 1436,2179 1480,2179 1525,2179 1570,2182 1615,2182 1659,2182 1704,2182 1749,2182 1794,2182 1830,2185 1830,2235 1794,2232 1749,2232 1704,2232 1659,2232 1615,2232 1570,2232 1525,2229 1480,2229 1436,2229 1391,2226 1346,2226 1301,2226 1256,2226 1212,2226 1167,2229 1122,2229 1077,2232 1032,2232 988,2232 943,2232 898,2235 853,2235 809,2232 764,2232 719,2232 674,2232 629,2229 585,2229 540,2229 495,2229"/>
                <Baseline points="495,2224 540,2224 585,2224 629,2224 674,2227 719,2227 764,2227 809,2227 853,2230 898,2230 943,2227 988,2227 1032,2227 1077,2227 1122,2224 1167,2224 1212,2221 1256,2221 1301,2221 1346,2221 1391,2221 1436,2224 1480,2224 1525,2224 1570,2227 1615,2227 1659,2227 1704,2227 1749,2227 1794,2227 1830,2230"/>
                <TextEquiv>
                    <Unicode>ptomolaida a sarracenis occupata in hanc usque diem tenetur :</Unicode>
                </TextEquiv>
            </TextLine>
            <TextLine id="r_tl_35" custom="readingOrder {index:34;}">
                <Coords points="507,2235 552,2232 597,2232 641,2235 686,2238 731,2238 776,2238 821,2238 865,2238 910,2238 955,2238 1000,2238 1044,2238 1089,2238 1134,2235 1179,2235 1224,2232 1268,2232 1313,2232 1358,2232 1403,2232 1447,2235 1492,2235 1537,2235 1582,2235 1627,2238 1671,2238 1716,2238 1761,2241 1806,2244 1827,2241 1827,2291 1806,2294 1761,2291 1716,2288 1671,2288 1627,2288 1582,2285 1537,2285 1492,2285 1447,2285 1403,2282 1358,2282 1313,2282 1268,2282 1224,2282 1179,2285 1134,2285 1089,2288 1044,2288 1000,2288 955,2288 910,2288 865,2288 821,2288 776,2288 731,2288 686,2288 641,2285 597,2282 552,2282 507,2285"/>
                <Baseline points="507,2280 552,2277 597,2277 641,2280 686,2283 731,2283 776,2283 821,2283 865,2283 910,2283 955,2283 1000,2283 1044,2283 1089,2283 1134,2280 1179,2280 1224,2277 1268,2277 1313,2277 1358,2277 1403,2277 1447,2280 1492,2280 1537,2280 1582,2280 1627,2283 1671,2283 1716,2283 1761,2286 1806,2289 1827,2286"/>
                <TextEquiv>
                    <Unicode>pragam ferme uniuersam : igne familiari exustam : liberalitate</Unicode>
                </TextEquiv>
            </TextLine>
            <TextLine id="r_tl_36" custom="readingOrder {index:35;}">
                <Coords points="495,2280 540,2283 585,2286 629,2289 674,2292 719,2295 764,2298 809,2298 853,2298 898,2298 943,2295 988,2295 1032,2292 1077,2295 1122,2292 1167,2292 1212,2292 1256,2289 1301,2286 1346,2286 1391,2286 1436,2286 1480,2286 1525,2289 1570,2289 1615,2289 1659,2292 1704,2289 1749,2292 1794,2295 1818,2295 1818,2345 1794,2345 1749,2342 1704,2339 1659,2342 1615,2339 1570,2339 1525,2339 1480,2336 1436,2336 1391,2336 1346,2336 1301,2336 1256,2339 1212,2342 1167,2342 1122,2342 1077,2345 1032,2342 988,2345 943,2345 898,2348 853,2348 809,2348 764,2348 719,2345 674,2342 629,2339 585,2336 540,2333 495,2330"/>
                <Baseline points="495,2325 540,2328 585,2331 629,2334 674,2337 719,2340 764,2343 809,2343 853,2343 898,2343 943,2340 988,2340 1032,2337 1077,2340 1122,2337 1167,2337 1212,2337 1256,2334 1301,2331 1346,2331 1391,2331 1436,2331 1480,2331 1525,2334 1570,2334 1615,2334 1659,2337 1704,2334 1749,2337 1794,2340 1818,2340"/>
                <TextEquiv>
                    <Unicode>regis Cuiumque diligencia atque impensa ita instauratam : Vt felix</Unicode>
                </TextEquiv>
            </TextLine>
            <TextLine id="r_tl_37" custom="readingOrder {index:36;}">
                <Coords points="495,2328 540,2331 585,2334 629,2337 674,2340 719,2343 764,2346 809,2346 853,2349 898,2349 943,2349 988,2349 1032,2349 1077,2349 1122,2349 1167,2346 1212,2346 1256,2346 1301,2343 1346,2343 1391,2343 1436,2343 1480,2343 1525,2343 1570,2343 1615,2343 1659,2343 1704,2346 1749,2343 1794,2343 1839,2343 1883,2340 1925,2340 1925,2390 1883,2390 1839,2393 1794,2393 1749,2393 1704,2396 1659,2393 1615,2393 1570,2393 1525,2393 1480,2393 1436,2393 1391,2393 1346,2393 1301,2393 1256,2396 1212,2396 1167,2396 1122,2399 1077,2399 1032,2399 988,2399 943,2399 898,2399 853,2399 809,2396 764,2396 719,2393 674,2390 629,2387 585,2384 540,2381 495,2378"/>
                <Baseline points="495,2373 540,2376 585,2379 629,2382 674,2385 719,2388 764,2391 809,2391 853,2394 898,2394 943,2394 988,2394 1032,2394 1077,2394 1122,2394 1167,2391 1212,2391 1256,2391 1301,2388 1346,2388 1391,2388 1436,2388 1480,2388 1525,2388 1570,2388 1615,2388 1659,2388 1704,2391 1749,2388 1794,2388 1839,2388 1883,2385 1925,2385"/>
                <TextEquiv>
                    <Unicode>incendium uideretur fuisse : Rudolfo albertus filius successerat : Imperator</Unicode>
                </TextEquiv>
            </TextLine>
            <TextLine id="r_tl_38" custom="readingOrder {index:37;}">
                <Coords points="489,2382 534,2382 579,2385 623,2388 668,2394 713,2397 758,2397 803,2400 847,2400 892,2403 937,2403 982,2403 1027,2403 1071,2403 1116,2406 1161,2406 1206,2403 1250,2403 1295,2400 1340,2400 1385,2400 1430,2400 1474,2403 1519,2403 1564,2403 1609,2403 1653,2403 1698,2403 1743,2403 1788,2400 1833,2403 1877,2403 1892,2400 1892,2450 1877,2453 1833,2453 1788,2450 1743,2453 1698,2453 1653,2453 1609,2453 1564,2453 1519,2453 1474,2453 1430,2450 1385,2450 1340,2450 1295,2450 1250,2453 1206,2453 1161,2456 1116,2456 1071,2453 1027,2453 982,2453 937,2453 892,2453 847,2450 803,2450 758,2447 713,2447 668,2444 623,2438 579,2435 534,2432 489,2432"/>
                <Baseline points="489,2427 534,2427 579,2430 623,2433 668,2439 713,2442 758,2442 803,2445 847,2445 892,2448 937,2448 982,2448 1027,2448 1071,2448 1116,2451 1161,2451 1206,2448 1250,2448 1295,2445 1340,2445 1385,2445 1430,2445 1474,2448 1519,2448 1564,2448 1609,2448 1653,2448 1698,2448 1743,2448 1788,2445 1833,2448 1877,2448 1892,2445"/>
                <TextEquiv>
                    <Unicode>huic non minores inimicicie cum Venczeslao quam inter parentes eorum fuere :</Unicode>
                </TextEquiv>
            </TextLine>
            <TextLine id="r_tl_39" custom="readingOrder {index:38;}">
                <Coords points="489,2435 534,2435 579,2435 623,2441 668,2441 713,2444 758,2447 803,2447 847,2447 892,2444 937,2444 982,2447 1027,2447 1071,2447 1116,2450 1161,2447 1206,2450 1250,2447 1295,2447 1340,2447 1385,2450 1430,2450 1474,2450 1519,2453 1564,2456 1609,2456 1653,2456 1698,2456 1743,2456 1788,2456 1833,2459 1848,2459 1848,2509 1833,2509 1788,2506 1743,2506 1698,2506 1653,2506 1609,2506 1564,2506 1519,2503 1474,2500 1430,2500 1385,2500 1340,2497 1295,2497 1250,2497 1206,2500 1161,2497 1116,2500 1071,2497 1027,2497 982,2497 937,2494 892,2494 847,2497 803,2497 758,2497 713,2494 668,2491 623,2491 579,2485 534,2485 489,2485"/>
                <Baseline points="489,2480 534,2480 579,2480 623,2486 668,2486 713,2489 758,2492 803,2492 847,2492 892,2489 937,2489 982,2492 1027,2492 1071,2492 1116,2495 1161,2492 1206,2495 1250,2492 1295,2492 1340,2492 1385,2495 1430,2495 1474,2495 1519,2498 1564,2501 1609,2501 1653,2501 1698,2501 1743,2501 1788,2501 1833,2504 1848,2504"/>
                <TextEquiv>
                    <Unicode>has Iutha Venczeslai coniunx : atque alberti soror : mulier uiro caucior</Unicode>
                </TextEquiv>
            </TextLine>
            <TextEquiv>
                <Unicode></Unicode>
            </TextEquiv>
        </TextRegion>
    </Page>
</PcGts>
