2479 3508
468 423 1839 491 eius equo animo ferre non posse : Incredulitatem exprobrauit : qui factis
459 468 1848 533 eloquis fidem non adhiberet : In quibus hec uerba potuisset aliquando
459 522 1851 584 legisse : Cum te consumptum putaueris : oriens lucifer : Et habebis
465 575 1836 634 fiduciam preposita tibi spe ‧ Et defessus securus dormies : Requiescens
453 626 1812 685 nec erit qui te exterreat : Et deprecabuntur faciem tuam plurimi :
450 680 1836 742 Subiungensque paruam eius esse fidem : atque inanem : Si mortem
456 728 1836 793 iustorum miseram putaret : repente disparuit : Episcopus excitatus
465 784 1839 843 uerba quidem sibi dicta : memorie tenuit ‧ Sed ubi nam scripta
465 841 1839 903 essent in sacro codice prorsus ignorauit : Euoluto autem concor¬
453 895 1851 960 danciarum libro undecimo apud iob : capitulo quod querebat : in¬
441 946 1862 1023 uenit ad tumultum autem insignis latro : Cum accessisset
453 1005 1821 1073 exprobrans mortuo uitam : lapide statue super sepulchrum
462 1059 1874 1142 iacenti : Colaphum incussit ‧ Nec mora cecitate percussus : impietatis
468 1116 1842 1193 sue penam dedit ‧ Statuo postmodum in sacrario erecta est : Et
465 1173 1886 1243 alia enea loco eius reposita : iohannis brabantini egregii statuarii
468 1226 1865 1309 nobile opus : Venczeslao filius eius successit : quamuis eodem nomine
459 1277 1880 1363 moribus tamen longe dispar ‧ Qui cum ebrietati et turpissime parti
462 1337 1827 1423 corporis dies : noctesque indulgeret : Et aliorum bona diriperet :
456 1394 1809 1488 aliorum uxoribus illuderet : Aput olomuncium Morauie ciuitatem
453 1453 1842 1557 dum solus in domo decani pontificialis edis perambulat : tribus
468 1516 1889 1614 Wlneribus confossus duo deuiginti natus annos interiit : ignoratus
459 1567 1830 1661 est necis autor : quamuis Conradus eques turingiis : Cruentum
465 1632 1809 1727 gestans pugionem exire regiam uisus fuerit : Nam hiis prius
459 1692 1782 1778 obtruncatus est populari tumultu : quam crimen confiteretur :
477 1746 1865 1829 uenerat forte eo tempore pragam dux carinthie heinricus
453 1797 1854 1879 Cui altera ex sororibus regis nomine anna nato maior : Iam pridem
459 1853 1842 1930 nupserat hunc bohemi regem sibi deligunt : Id egre fert albertus
459 1907 1877 1981 imperator : qui repente coactus copiis bohemiam ingressus : heinricum
471 1964 1809 2050 regno deturbat : Rudolfumque filium suum regem constituit : Eisabet
474 2023 1848 2097 senioris Venczeslai relicta in matrimonium ei tradita : quo regnum
465 2065 1907 2157 eius solidius esset : Qui cum magna bohemorum spe regnare cepisset :
447 2134 1815 2217 Subitaneo morbo correptus : primo anno sui regni : absque liberis
456 2188 1868 2268 decessit : Ob cuius obitum : diffidentes inter se bohemi : alii fredericum
465 2259 1836 2324 rudolfi fratrem : alii heinricum quem deiecerant : pecierunt uicit
453 2319 1848 2390 heinrici faccio : trucidatis alterius partis autoribus : Et quamuis albertus
459 2373 1833 2438 imperator : Cum magnis copis bohemiam ingressus regionem longe
456 2432 1815 2497 lateque afflixerit : henricum tamen regno deicere non potuit : prius
453 2483 1862 2563 a nepote : ut ante diximus : occisu quam meditare in bohemos exequeretur
