2479 3508
501 369 1797 437 oppidum aggere atque muris cinxit : de cuius nomine cum disceptaretur : iussit
495 417 1833 488 libussa ex artificibus qui prior acurreret : rogari quid aggeret ac
498 477 1913 542 ex primo eius uerbo uocari oppidum interrogatus faber lignarius quispiam
501 537 1842 605 limen se agere dixit : quod bohemice praba dixitur : Indeque nomen
513 596 1830 667 urbi datum : Sed corrupto uocabulo posteri pragam dixere : Ex
510 650 1827 721 inde leges condite quibus bohemi longo tempore usi : prouincia pace
499 738 1840 785 et ocio fruens opibus aucta : A libussa castellum libus edificatum :
513 767 1964 834 non longe ab albi flumen : quod morienti sepulcrum fuit : Imperium
501 817 1848 888 ad primislaum solum rediit : quod uiuente coniuge : Ex eius maxime consilio
504 880 1868 945 administrauit : feminarumque illa iuuentute plurimum poterat : auctoritas
509 961 1833 1013 extincta : Sed fuit inter uirignes : que libusse ministrare solebant :
510 996 1886 1058 ualascha puella ingentis spiritus : Et amaczonice mentis que clancunlum
507 1053 1854 1109 accersit is comitibus : Neram inquit o sorores perdidimus : qua nos a
525 1110 1874 1169 uirorum contumelia indicauit nec passa est seruire uiris : Contra uiri
507 1164 1836 1223 eius imperium subire : Nos reginarum honore fungebamus : nunc iugum
507 1217 1880 1279 asperum et miserrimum ferre oportet nisi libertatem nobis ipsis uendicemus
522 1268 1824 1336 uilissima mancipia sumus : Quod si uibis animi est : quod michi
519 1325 1877 1390 facile pristinam auctoritati obtinebimus : Ego secretorum libusse conscia
507 1382 1931 1444 thebic : quoque sortes noui : herbarum uires non minus quam brela calleo
510 1441 1910 1497 quod tres habuere sorores : hoc mihi soli datum est : assistite tantum audenti
513 1489 1886 1551 imperium uibis in uiros polliceor : probant singule ualasche con¬
534 1546 1892 1608 silium : Coniurant poculum recipiunt : quo uirile genus odio haberent :
519 1597 1880 1655 Interea loci primislaus uirginem sibi per quietem sangwineum mini¬
525 1644 1851 1712 strare potum uidet : territus somnio : ac malum qudd erat futurum
537 1695 1907 1766 suspicatus : primores terre admonet : ne tantum licencie femineo sexui
546 1752 1833 1823 prebeatur : Mos enim uirginibus erat equos ascendere fatigare cursu :
540 1814 1842 1879 flectere in girum hasta contendere gestare pharetram : Et arcum
537 1871 1836 1933 sagittare : iaculari : uenari nichil officii uirilis obmittere : quod
537 1928 1859 1993 primislao cum periculosum : tum bonis aduersum moribus uidebatur
525 1979 1874 2050 Ac proceres ridere principem femineum sexum nil ausurum magni credere
519 2032 1886 2103 mirari tanto magis : atque amauit puellas : quanto agiliores auden¬
519 2092 1883 2163 cioresque dicerentur . ualascha monere interdiu noctuque conspiracione socias
513 2152 1913 2220 Spem bonam facias : audaciam augere : poculis atque carminibus mentes
519 2203 1904 2271 earum a uirorum amore auertere in dies plures allicere : prouinciam
534 2256 1868 2327 uniuersam ueneno inficere : ubi iam uirginum ac nuptarum satis con¬
495 2316 1901 2378 uenisse arbitratur : mandat omnibus suos uiros : parentes : germanos :
522 2376 1895 2441 filios : mares omnes : somni uinoque sepultos noctu accidant : armis
