2479 3508
676 346 1997 419 partem theutones ac bohemi : partem poloni atque hungari diripuerunt : Methodius
659 393 2009 461 in bohemia : aliquamdiu moram traxit : deinde romam se contulit ubi fratrem suum
665 450 1997 506 Cirillum comperit : qui baptzizato quodam Suatucupo : Morauis cristiana
680 495 1997 560 sacra crediderat Multasque alias Sclauorum gentes ad fidem cristi conuerterat
674 537 2065 608 ferunt cirillum cum rome aggeret : Romano pontifici supplicasse : ut sclauorum
656 610 1682 661 lingua : Eius gentis hominibus quam baptisauerat : rem
1811 625 2052 656 diuinam faciens
668 638 2006 700 uti posset : de qua re cum in sacro senatu disceptaretur : essentque non pauci
656 689 2024 754 contradictores : auditam uocem tanquam de celo in hec uerba missam : omnis spiritus
656 737 1955 805 laudet dominum ‧ Et omnis ligwa confiteatur ei indeque datum Cirillo indultum :
656 784 2012 855 Borsinoius autem coniunxque Ludimilla : cristianam ueritatem amplexi : fidem
656 838 1985 909 katholicam inter bohemos magnopere ampliarunt : Ludimilla filia fuit
656 898 1988 960 comitis Slamborii castelle biczenie : quod postea melinca dictum est : Ex
659 949 1988 1014 ea tulit borsinoius duos filios ‧ Spitigneum et uratislaum Primus patri
674 1002 2006 1067 successit : sed moriens sine filiis : fratri principatum reliquit ‧ Coniunx
662 1056 1985 1118 uratislai drahomicia mulier audax : ad scelus prona : duos pariter
668 1110 2021 1169 filios uno peperit wenczeslaum Et boleslaum : priorem tradidit ludimille
665 1158 2003 1220 educandum : alterum ipsa enutriuit : alumni ex nutricibus mutuati mores
662 1211 2027 1273 wenceslaus pietatem colere : Mansuetudinem pro se ferre : Cristiana sacra
662 1268 2039 1324 uenerari : Elargiri multa pauperibus : nulli noxius esse : Boleslaus idolorum
668 1319 2033 1375 sectari culturam : honores ambiciose querere : adulterari : Rapere : occidere :
662 1370 2021 1426 In scelera cunta prolabi : pater suprema ordinans : ludimille cuius integritatem
671 1420 2057 1479 prudenciamque optime nosset : quousque liberi adoleuissent : Gubernacionem prouincie
650 1471 2048 1530 dimiserat : id egre drahomicie fuit Que thimam et simonem : nefarios
656 1522 1979 1587 homines summittens : Socrum in castello : thetim strangulari iussit : ipsa
650 1576 1982 1638 deinde Imperium accepit : in omnes crudelis : In cristianos seuissima et
656 1629 1979 1688 intollerabilis : ac propterea eciam Venczeslao filio infesta : Cui preferre
665 1683 2030 1742 fratrem non dubitauit : De Venczeslao hec referuntur : potus cibique parci¬
680 1743 1985 1802 ssimum fuisse tradunt : Corporis maiestate decorum : Virginitatis ad
659 1797 2012 1864 ultimum uite seruasse : diuina in templis officia : diuina nocturnaque
656 1850 1985 1909 numquam neglexisse : Et noctis quidem tempore nudis pedibus : Super glaciem
653 1901 1988 1969 ac niuem iter agentem uim frigoris minime sensisse : podium uero eius
650 1952 2030 2020 comitem : Cum caligatus obriguisset : Iussum uestigia Venczeslai pedibus
656 2006 2015 2070 premere : Concaluisse : postera die cruenta uiri sancti uestigia inuenta
650 2059 2006 2121 Inisse eum iubente populo : adhuc uiuente matre principatum : duci uero
650 2145 965 2175 curmensi nulla
1125 2148 2022 2183 iniuria lacessito : cum exercitu bohemiam in¬
644 2167 1961 2223 gresso atque agros uastare conanti armatum cum copiis occurrisse :
656 2221 2003 2279 uocatoque in colloquium singulare certamen obtulisse : accepta ab ad¬
656 2274 2000 2333 uersario condicione : ubi manus conferi debuit : angelos uisos : qui
659 2331 1949 2387 uenczeslaum protegentes : arma ministrarent : territum ea nouitate
638 2364 2024 2438 Curmensem ex equo prolassum ueniam petiuisse : bohemum libenter humiliato
