<?xml version="1.0" encoding="UTF-8" standalone="yes"?>
<PcGts xmlns="http://schema.primaresearch.org/PAGE/gts/pagecontent/2013-07-15" xmlns:xsi="http://www.w3.org/2001/XMLSchema-instance" xsi:schemaLocation="http://schema.primaresearch.org/PAGE/gts/pagecontent/2013-07-15 http://schema.primaresearch.org/PAGE/gts/pagecontent/2013-07-15/pagecontent.xsd">
    <Metadata>
        <Creator>Transkribus</Creator>
        <Created>2025-10-17T12:55:07.569+02:00</Created>
        <LastChange>2025-12-03T20:27:44.471+01:00</LastChange>
    </Metadata>
    <Page imageFilename="11421593_0025_104475229.jpeg" imageWidth="2479" imageHeight="3508">
        <ReadingOrder>
            <OrderedGroup id="ro_1765533057514" caption="Regions reading order">
                <RegionRefIndexed index="0" regionRef="r"/>
            </OrderedGroup>
        </ReadingOrder>
        <TextRegion id="r" custom="readingOrder {index:0;}">
            <Coords points="645,354 2122,354 2122,2492 645,2492"/>
            <TextLine id="r_tl_1" custom="readingOrder {index:0;}">
                <Coords points="695,372 740,367 785,369 829,372 874,372 919,378 964,378 1009,381 1053,384 1098,387 1143,390 1188,390 1233,390 1277,390 1322,390 1367,390 1412,390 1456,387 1501,390 1546,390 1591,390 1636,390 1680,393 1725,393 1770,393 1815,393 1859,390 1904,393 1949,390 1994,390 2039,387 2048,384 2048,434 2039,437 1994,440 1949,440 1904,443 1859,440 1815,443 1770,443 1725,443 1680,443 1636,440 1591,440 1546,440 1501,440 1456,437 1412,440 1367,440 1322,440 1277,440 1233,440 1188,440 1143,440 1098,437 1053,434 1009,431 964,428 919,428 874,422 829,422 785,419 740,417 695,422"/>
                <Baseline points="695,417 740,412 785,414 829,417 874,417 919,423 964,423 1009,426 1053,429 1098,432 1143,435 1188,435 1233,435 1277,435 1322,435 1367,435 1412,435 1456,432 1501,435 1546,435 1591,435 1636,435 1680,438 1725,438 1770,438 1815,438 1859,435 1904,438 1949,435 1994,435 2039,432 2048,429"/>
                <TextEquiv>
                    <Unicode>fratri parere iubet Atque hiis demandatis uita decedit Quarto idus maii corpus</Unicode>
                </TextEquiv>
            </TextLine>
            <TextLine id="r_tl_2" custom="readingOrder {index:1;}">
                <Coords points="680,408 725,411 770,414 815,414 859,417 904,417 949,420 994,423 1038,426 1083,429 1128,432 1173,435 1218,435 1262,435 1307,432 1352,435 1397,432 1442,432 1486,435 1531,432 1576,435 1621,438 1665,441 1710,441 1755,441 1800,441 1845,441 1889,441 1934,438 1979,435 2012,432 2012,482 1979,485 1934,488 1889,491 1845,491 1800,491 1755,491 1710,491 1665,491 1621,488 1576,485 1531,482 1486,485 1442,482 1397,482 1352,485 1307,482 1262,485 1218,485 1173,485 1128,482 1083,479 1038,476 994,473 949,470 904,467 859,467 815,464 770,464 725,461 680,458"/>
                <Baseline points="680,453 725,456 770,459 815,459 859,462 904,462 949,465 994,468 1038,471 1083,474 1128,477 1173,480 1218,480 1262,480 1307,477 1352,480 1397,477 1442,477 1486,480 1531,477 1576,480 1621,483 1665,486 1710,486 1755,486 1800,486 1845,486 1889,486 1934,483 1979,480 2012,477"/>
                <TextEquiv>
                    <Unicode>eius pragam translatum apud parentes sepultum : Spitigneus ut primum</Unicode>
                </TextEquiv>
            </TextLine>
            <TextLine id="r_tl_3" custom="readingOrder {index:2;}">
                <Coords points="680,462 725,462 770,462 815,465 859,465 904,471 949,474 994,474 1038,477 1083,480 1128,480 1173,483 1218,483 1262,483 1307,483 1352,483 1397,483 1442,486 1486,483 1531,483 1576,486 1621,489 1665,489 1710,492 1755,489 1800,489 1845,489 1889,486 1934,483 1979,480 2024,477 2068,477 2092,474 2092,524 2068,527 2024,527 1979,530 1934,533 1889,536 1845,539 1800,539 1755,539 1710,542 1665,539 1621,539 1576,536 1531,533 1486,533 1442,536 1397,533 1352,533 1307,533 1262,533 1218,533 1173,533 1128,530 1083,530 1038,527 994,524 949,524 904,521 859,515 815,515 770,512 725,512 680,512"/>
                <Baseline points="680,507 725,507 770,507 815,510 859,510 904,516 949,519 994,519 1038,522 1083,525 1128,525 1173,528 1218,528 1262,528 1307,528 1352,528 1397,528 1442,531 1486,528 1531,528 1576,531 1621,534 1665,534 1710,537 1755,534 1800,534 1845,534 1889,531 1934,528 1979,525 2024,522 2068,522 2092,519"/>
                <TextEquiv>
                    <Unicode>rerum potitus  omnes theutonici generis bohemia excedere iubet : nec matri</Unicode>
                </TextEquiv>
            </TextLine>
            <TextLine id="r_tl_4" custom="readingOrder {index:3;}">
                <Coords points="689,519 734,513 779,516 824,516 868,522 913,522 958,525 1003,525 1047,528 1092,531 1137,534 1182,534 1227,534 1271,537 1316,537 1361,537 1406,537 1450,537 1495,540 1540,540 1585,540 1630,540 1674,543 1719,540 1764,540 1809,540 1854,540 1898,537 1943,534 1988,534 1997,534 1997,584 1988,584 1943,584 1898,587 1854,590 1809,590 1764,590 1719,590 1674,593 1630,590 1585,590 1540,590 1495,590 1450,587 1406,587 1361,587 1316,587 1271,587 1227,584 1182,584 1137,584 1092,581 1047,578 1003,575 958,575 913,572 868,572 824,566 779,566 734,563 689,569"/>
                <Baseline points="689,564 734,558 779,561 824,561 868,567 913,567 958,570 1003,570 1047,573 1092,576 1137,579 1182,579 1227,579 1271,582 1316,582 1361,582 1406,582 1450,582 1495,585 1540,585 1585,585 1630,585 1674,588 1719,585 1764,585 1809,585 1854,585 1898,582 1943,579 1988,579 1997,579"/>
                <TextEquiv>
                    <Unicode>potestatem manendi facit ‧ Exin morauiam infestis petens armis : fratres</Unicode>
                </TextEquiv>
            </TextLine>
            <TextLine id="r_tl_5" custom="readingOrder {index:4;} corr {offset:6; length:10;comment:aggriditur\u0020(?)\u0020corr.\u0020in\u0020aggreditur;}">
                <Coords points="680,570 725,570 770,570 815,573 859,573 904,573 949,575 994,578 1038,581 1083,581 1128,584 1173,584 1218,584 1262,587 1307,587 1352,587 1397,587 1442,587 1486,590 1531,590 1576,590 1621,590 1665,593 1710,593 1755,590 1800,590 1845,590 1889,590 1934,587 1979,587 2024,581 2057,581 2057,631 2024,631 1979,637 1934,637 1889,640 1845,640 1800,640 1755,640 1710,643 1665,643 1621,640 1576,640 1531,640 1486,640 1442,637 1397,637 1352,637 1307,637 1262,637 1218,634 1173,634 1128,634 1083,631 1038,631 994,628 949,625 904,623 859,623 815,623 770,620 725,620 680,620"/>
                <Baseline points="680,615 725,615 770,615 815,618 859,618 904,618 949,620 994,623 1038,626 1083,626 1128,629 1173,629 1218,629 1262,632 1307,632 1352,632 1397,632 1442,632 1486,635 1531,635 1576,635 1621,635 1665,638 1710,638 1755,635 1800,635 1845,635 1889,635 1934,632 1979,632 2024,626 2057,626"/>
                <TextEquiv>
                    <Unicode>bello aggreditur : uratislaus audito germani aduentu : relicta in Olo¬</Unicode>
                </TextEquiv>
            </TextLine>
            <TextLine id="r_tl_6" custom="readingOrder {index:5;}">
                <Coords points="683,623 728,623 773,626 818,626 862,629 907,632 952,632 997,635 1041,635 1086,638 1131,641 1176,641 1221,641 1265,641 1310,641 1355,641 1400,641 1444,641 1489,644 1534,644 1579,644 1624,644 1668,644 1713,644 1758,644 1803,644 1848,644 1892,644 1937,644 1982,644 2027,644 2045,644 2045,694 2027,694 1982,694 1937,694 1892,694 1848,694 1803,694 1758,694 1713,694 1668,694 1624,694 1579,694 1534,694 1489,694 1444,691 1400,691 1355,691 1310,691 1265,691 1221,691 1176,691 1131,691 1086,688 1041,685 997,685 952,682 907,682 862,679 818,676 773,676 728,673 683,673"/>
                <Baseline points="683,668 728,668 773,671 818,671 862,674 907,677 952,677 997,680 1041,680 1086,683 1131,686 1176,686 1221,686 1265,686 1310,686 1355,686 1400,686 1444,686 1489,689 1534,689 1579,689 1624,689 1668,689 1713,689 1758,689 1803,689 1848,689 1892,689 1937,689 1982,689 2027,689 2045,689"/>
                <TextEquiv>
                    <Unicode>nucio coniuge : ad regem andream in hungariam confugit : Conradus</Unicode>
                </TextEquiv>
            </TextLine>
            <TextLine id="r_tl_7" custom="readingOrder {index:6;}">
                <Coords points="674,683 719,677 764,680 809,680 853,680 898,683 943,683 988,686 1032,689 1077,689 1122,692 1167,692 1212,692 1256,695 1301,695 1346,695 1391,695 1436,695 1480,695 1525,695 1570,698 1615,698 1659,698 1704,701 1749,698 1794,701 1839,701 1883,698 1928,698 1973,698 2018,704 2063,710 2077,707 2077,757 2063,760 2018,754 1973,748 1928,748 1883,748 1839,751 1794,751 1749,748 1704,751 1659,748 1615,748 1570,748 1525,745 1480,745 1436,745 1391,745 1346,745 1301,745 1256,745 1212,742 1167,742 1122,742 1077,739 1032,739 988,736 943,733 898,733 853,730 809,730 764,730 719,727 674,733"/>
                <Baseline points="674,728 719,722 764,725 809,725 853,725 898,728 943,728 988,731 1032,734 1077,734 1122,737 1167,737 1212,737 1256,740 1301,740 1346,740 1391,740 1436,740 1480,740 1525,740 1570,743 1615,743 1659,743 1704,746 1749,743 1794,746 1839,746 1883,743 1928,743 1973,743 2018,749 2063,755 2077,752"/>
                <TextEquiv>
                    <Unicode>et otho fratri se dedunt uxor uratislai capta aliquamdiu in uinculis</Unicode>
                </TextEquiv>
            </TextLine>
            <TextLine id="r_tl_8" custom="readingOrder {index:7;}">
                <Coords points="674,740 719,734 764,734 809,737 853,737 898,740 943,740 988,740 1032,740 1077,743 1122,746 1167,746 1212,746 1256,749 1301,752 1346,752 1391,752 1436,755 1480,752 1525,755 1570,755 1615,755 1659,755 1704,758 1749,758 1794,758 1839,758 1883,758 1928,755 1973,752 2018,752 2063,749 2092,752 2092,802 2063,799 2018,802 1973,802 1928,805 1883,808 1839,808 1794,808 1749,808 1704,808 1659,805 1615,805 1570,805 1525,805 1480,802 1436,805 1391,802 1346,802 1301,802 1256,799 1212,796 1167,796 1122,796 1077,793 1032,790 988,790 943,790 898,790 853,787 809,787 764,784 719,784 674,790"/>
                <Baseline points="674,785 719,779 764,779 809,782 853,782 898,785 943,785 988,785 1032,785 1077,788 1122,791 1167,791 1212,791 1256,794 1301,797 1346,797 1391,797 1436,800 1480,797 1525,800 1570,800 1615,800 1659,800 1704,803 1749,803 1794,803 1839,803 1883,803 1928,800 1973,797 2018,797 2063,794 2092,797"/>
                <TextEquiv>
                    <Unicode>habita : postremo swadente Seuero episcopo dimissa : dum uirum in hungariam</Unicode>
                </TextEquiv>
            </TextLine>
            <TextLine id="r_tl_9" custom="readingOrder {index:8;}">
                <Coords points="680,796 725,793 770,796 815,796 859,799 904,802 949,802 994,799 1038,799 1083,802 1128,802 1173,805 1218,805 1262,805 1307,808 1352,808 1397,811 1442,811 1486,811 1531,817 1576,814 1621,814 1665,814 1710,814 1755,814 1800,814 1845,814 1889,814 1934,811 1979,811 2006,808 2006,858 1979,861 1934,861 1889,864 1845,864 1800,864 1755,864 1710,864 1665,864 1621,864 1576,864 1531,867 1486,861 1442,861 1397,861 1352,858 1307,858 1262,855 1218,855 1173,855 1128,852 1083,852 1038,849 994,849 949,852 904,852 859,849 815,846 770,846 725,843 680,846"/>
                <Baseline points="680,841 725,838 770,841 815,841 859,844 904,847 949,847 994,844 1038,844 1083,847 1128,847 1173,850 1218,850 1262,850 1307,853 1352,853 1397,856 1442,856 1486,856 1531,862 1576,859 1621,859 1665,859 1710,859 1755,859 1800,859 1845,859 1889,859 1934,856 1979,856 2006,853"/>
                <TextEquiv>
                    <Unicode>petit : uicina partui in itinere decedit : Mestus ea re coniunx : ab</Unicode>
                </TextEquiv>
            </TextLine>
            <TextLine id="l_1" custom="readingOrder {index:9;}">
                <Coords points="833,905 809,903 764,900 719,900 674,900 674,850 719,850 764,850 809,853 833,855"/>
                <Baseline points="674,895 719,895 764,895 809,898 826,902 833,902"/>
                <TextEquiv>
                    <Unicode>andrea </Unicode>
                </TextEquiv>
            </TextLine>
            <TextLine id="l" custom="readingOrder {index:10;}">
                <Coords points="833,855 853,856 898,856 943,856 988,859 1032,859 1077,859 1122,859 1167,859 1212,862 1256,859 1301,859 1346,862 1391,862 1436,865 1480,868 1525,868 1570,868 1615,871 1659,871 1704,871 1749,874 1794,874 1839,874 1883,874 1928,871 1973,871 2018,871 2033,871 2033,921 2018,921 1973,921 1928,921 1883,924 1839,924 1794,924 1749,924 1704,921 1659,921 1615,921 1570,918 1525,918 1480,918 1436,915 1391,912 1346,912 1301,909 1256,909 1212,912 1167,909 1122,909 1077,909 1032,909 988,909 943,906 898,906 853,906 833,905"/>
                <Baseline points="962,906 988,904 1032,904 1077,904 1122,904 1167,904 1212,907 1256,904 1301,904 1346,907 1391,907 1436,910 1480,913 1525,913 1570,913 1615,916 1659,916 1704,916 1749,919 1794,919 1839,919 1883,919 1928,916 1973,916 2018,916 2033,916"/>
                <TextEquiv>
                    <Unicode>rege  consolacionem accipit : qui filiam suam adilheidam</Unicode>
                </TextEquiv>
            </TextLine>
            <TextLine id="r_tl_11" custom="readingOrder {index:11;}">
                <Coords points="674,910 719,907 764,910 809,910 853,910 898,913 943,913 988,916 1032,916 1077,916 1122,919 1167,916 1212,919 1256,919 1301,919 1346,916 1391,916 1436,916 1480,916 1525,919 1570,919 1615,922 1659,925 1704,931 1749,931 1794,934 1839,934 1883,934 1928,934 1973,934 2018,931 2042,931 2042,981 2018,981 1973,984 1928,984 1883,984 1839,984 1794,984 1749,981 1704,981 1659,975 1615,972 1570,969 1525,969 1480,966 1436,966 1391,966 1346,966 1301,969 1256,969 1212,969 1167,966 1122,969 1077,966 1032,966 988,966 943,963 898,963 853,960 809,960 764,960 719,957 674,960"/>
                <Baseline points="674,955 719,952 764,955 809,955 853,955 898,958 943,958 988,961 1032,961 1077,961 1122,964 1167,961 1212,964 1256,964 1301,964 1346,961 1391,961 1436,961 1480,961 1525,964 1570,964 1615,967 1659,970 1704,976 1749,976 1794,979 1839,979 1883,979 1928,979 1973,979 2018,976 2042,976"/>
                <TextEquiv>
                    <Unicode>nuptum ei tradit : Quod cum Spitigneus accepisset : ueritus ne uires</Unicode>
                </TextEquiv>
            </TextLine>
            <TextLine id="r_tl_12" custom="readingOrder {index:12;}">
                <Coords points="668,970 713,967 758,967 803,970 847,970 892,973 937,976 982,976 1027,976 1071,979 1116,979 1161,976 1206,976 1250,979 1295,979 1340,979 1385,979 1430,979 1474,979 1519,979 1564,979 1609,979 1653,982 1698,987 1743,990 1788,990 1833,990 1877,990 1922,990 1967,987 2012,985 2021,985 2021,1035 2012,1035 1967,1037 1922,1040 1877,1040 1833,1040 1788,1040 1743,1040 1698,1037 1653,1032 1609,1029 1564,1029 1519,1029 1474,1029 1430,1029 1385,1029 1340,1029 1295,1029 1250,1029 1206,1026 1161,1026 1116,1029 1071,1029 1027,1026 982,1026 937,1026 892,1023 847,1020 803,1020 758,1017 713,1017 668,1020"/>
                <Baseline points="668,1015 713,1012 758,1012 803,1015 847,1015 892,1018 937,1021 982,1021 1027,1021 1071,1024 1116,1024 1161,1021 1206,1021 1250,1024 1295,1024 1340,1024 1385,1024 1430,1024 1474,1024 1519,1024 1564,1024 1609,1024 1653,1027 1698,1032 1743,1035 1788,1035 1833,1035 1877,1035 1922,1035 1967,1032 2012,1030 2021,1030"/>
                <TextEquiv>
                    <Unicode>hungaricas in se frater armaret : Missa legacionem : Sine causa illum</Unicode>
                </TextEquiv>
            </TextLine>
            <TextLine id="r_tl_13" custom="readingOrder {index:13;}">
                <Coords points="671,1026 716,1029 761,1029 806,1029 850,1032 895,1035 940,1035 985,1038 1030,1038 1074,1041 1119,1041 1164,1044 1209,1041 1253,1041 1298,1044 1343,1041 1388,1041 1433,1041 1477,1041 1522,1041 1567,1041 1612,1044 1656,1044 1701,1044 1746,1047 1791,1050 1836,1047 1880,1050 1925,1050 1970,1050 2015,1050 2021,1050 2021,1100 2015,1100 1970,1100 1925,1100 1880,1100 1836,1097 1791,1100 1746,1097 1701,1094 1656,1094 1612,1094 1567,1091 1522,1091 1477,1091 1433,1091 1388,1091 1343,1091 1298,1094 1253,1091 1209,1091 1164,1094 1119,1091 1074,1091 1030,1088 985,1088 940,1085 895,1085 850,1082 806,1079 761,1079 716,1079 671,1076"/>
                <Baseline points="671,1071 716,1074 761,1074 806,1074 850,1077 895,1080 940,1080 985,1083 1030,1083 1074,1086 1119,1086 1164,1089 1209,1086 1253,1086 1298,1089 1343,1086 1388,1086 1433,1086 1477,1086 1522,1086 1567,1086 1612,1089 1656,1089 1701,1089 1746,1092 1791,1095 1836,1092 1880,1095 1925,1095 1970,1095 2015,1095 2021,1095"/>
                <TextEquiv>
                    <Unicode>ex Morauia abiisse : dicit nichil hostile timendum fuisse : Nam cur</Unicode>
                </TextEquiv>
            </TextLine>
            <TextLine id="r_tl_14" custom="readingOrder {index:14;}">
                <Coords points="674,1083 719,1080 764,1080 809,1083 853,1089 898,1092 943,1092 988,1095 1032,1098 1077,1098 1122,1098 1167,1101 1212,1101 1256,1104 1301,1104 1346,1104 1391,1107 1436,1107 1480,1107 1525,1107 1570,1107 1615,1107 1659,1107 1704,1107 1749,1110 1794,1110 1839,1107 1883,1107 1928,1104 1973,1101 2018,1101 2042,1095 2042,1145 2018,1151 1973,1151 1928,1154 1883,1157 1839,1157 1794,1160 1749,1160 1704,1157 1659,1157 1615,1157 1570,1157 1525,1157 1480,1157 1436,1157 1391,1157 1346,1154 1301,1154 1256,1154 1212,1151 1167,1151 1122,1148 1077,1148 1032,1148 988,1145 943,1142 898,1142 853,1139 809,1133 764,1130 719,1130 674,1133"/>
                <Baseline points="674,1128 719,1125 764,1125 809,1128 853,1134 898,1137 943,1137 988,1140 1032,1143 1077,1143 1122,1143 1167,1146 1212,1146 1256,1149 1301,1149 1346,1149 1391,1152 1436,1152 1480,1152 1525,1152 1570,1152 1615,1152 1659,1152 1704,1152 1749,1155 1794,1155 1839,1152 1883,1152 1928,1149 1973,1146 2018,1146 2042,1140"/>
                <TextEquiv>
                    <Unicode>fratrem frater odiret : secundo post se loco genitum : Seruasse se bona</Unicode>
                </TextEquiv>
            </TextLine>
            <TextLine id="r_tl_15" custom="readingOrder {index:15;}">
                <Coords points="674,1134 719,1137 764,1137 809,1140 853,1140 898,1143 943,1146 988,1149 1032,1149 1077,1152 1122,1152 1167,1155 1212,1158 1256,1158 1301,1161 1346,1161 1391,1164 1436,1164 1480,1167 1525,1167 1570,1167 1615,1167 1659,1167 1704,1167 1749,1167 1794,1164 1839,1164 1883,1164 1928,1164 1973,1161 1994,1158 1994,1208 1973,1211 1928,1214 1883,1214 1839,1214 1794,1214 1749,1217 1704,1217 1659,1217 1615,1217 1570,1217 1525,1217 1480,1217 1436,1214 1391,1214 1346,1211 1301,1211 1256,1208 1212,1208 1167,1205 1122,1202 1077,1202 1032,1199 988,1199 943,1196 898,1193 853,1190 809,1190 764,1187 719,1187 674,1184"/>
                <Baseline points="674,1179 719,1182 764,1182 809,1185 853,1185 898,1188 943,1191 988,1194 1032,1194 1077,1197 1122,1197 1167,1200 1212,1203 1256,1203 1301,1206 1346,1206 1391,1209 1436,1209 1480,1212 1525,1212 1570,1212 1615,1212 1659,1212 1704,1212 1749,1212 1794,1209 1839,1209 1883,1209 1928,1209 1973,1206 1994,1203"/>
                <TextEquiv>
                    <Unicode>non abstulisse : redire eum ad suos debere : Cuncta ei salua esse : Nec</Unicode>
                </TextEquiv>
            </TextLine>
            <TextLine id="r_tl_16" custom="readingOrder {index:16;}">
                <Coords points="683,1193 728,1191 773,1193 818,1193 862,1196 907,1199 952,1199 997,1202 1041,1202 1086,1205 1131,1208 1176,1211 1221,1211 1265,1214 1310,1217 1355,1217 1400,1217 1444,1220 1489,1220 1534,1220 1579,1223 1624,1223 1668,1223 1713,1220 1758,1223 1803,1223 1848,1220 1892,1217 1937,1217 1982,1217 2006,1217 2006,1267 1982,1267 1937,1267 1892,1267 1848,1270 1803,1273 1758,1273 1713,1270 1668,1273 1624,1273 1579,1273 1534,1270 1489,1270 1444,1270 1400,1267 1355,1267 1310,1267 1265,1264 1221,1261 1176,1261 1131,1258 1086,1255 1041,1252 997,1252 952,1249 907,1249 862,1246 818,1243 773,1243 728,1241 683,1243"/>
                <Baseline points="683,1238 728,1236 773,1238 818,1238 862,1241 907,1244 952,1244 997,1247 1041,1247 1086,1250 1131,1253 1176,1256 1221,1256 1265,1259 1310,1262 1355,1262 1400,1262 1444,1265 1489,1265 1534,1265 1579,1268 1624,1268 1668,1268 1713,1265 1758,1268 1803,1268 1848,1265 1892,1262 1937,1262 1982,1262 2006,1262"/>
                <TextEquiv>
                    <Unicode>frustratus est fratrem : redeunti : que armis abstulerat : Cuncta restituit :</Unicode>
                </TextEquiv>
            </TextLine>
            <TextLine id="r_tl_17" custom="readingOrder {index:17;}">
                <Coords points="671,1247 716,1247 761,1247 806,1250 850,1250 895,1250 940,1253 985,1256 1030,1256 1074,1259 1119,1262 1164,1262 1209,1262 1253,1265 1298,1265 1343,1268 1388,1271 1433,1274 1477,1277 1522,1280 1567,1280 1612,1280 1656,1283 1701,1280 1746,1283 1791,1283 1836,1280 1880,1280 1925,1280 1970,1277 2015,1277 2054,1274 2054,1324 2015,1327 1970,1327 1925,1330 1880,1330 1836,1330 1791,1333 1746,1333 1701,1330 1656,1333 1612,1330 1567,1330 1522,1330 1477,1327 1433,1324 1388,1321 1343,1318 1298,1315 1253,1315 1209,1312 1164,1312 1119,1312 1074,1309 1030,1306 985,1306 940,1303 895,1300 850,1300 806,1300 761,1297 716,1297 671,1297"/>
                <Baseline points="671,1292 716,1292 761,1292 806,1295 850,1295 895,1295 940,1298 985,1301 1030,1301 1074,1304 1119,1307 1164,1307 1209,1307 1253,1310 1298,1310 1343,1313 1388,1316 1433,1319 1477,1322 1522,1325 1567,1325 1612,1325 1656,1328 1701,1325 1746,1328 1791,1328 1836,1325 1880,1325 1925,1325 1970,1322 2015,1322 2054,1319"/>
                <TextEquiv>
                    <Unicode>Iutha uero a filio deiecta in hungaria : Cum secundo nupsisset, breui mor¬</Unicode>
                </TextEquiv>
            </TextLine>
            <TextLine id="r_tl_18" custom="readingOrder {index:18;}">
                <Coords points="671,1310 716,1310 761,1310 806,1313 850,1313 895,1316 940,1316 985,1316 1030,1316 1074,1316 1119,1319 1164,1319 1209,1319 1253,1322 1298,1325 1343,1325 1388,1328 1433,1328 1477,1331 1522,1337 1567,1337 1612,1337 1656,1337 1701,1340 1746,1340 1791,1340 1836,1340 1880,1337 1925,1337 1970,1337 2015,1337 2054,1334 2054,1384 2015,1387 1970,1387 1925,1387 1880,1387 1836,1390 1791,1390 1746,1390 1701,1390 1656,1387 1612,1387 1567,1387 1522,1387 1477,1381 1433,1378 1388,1378 1343,1375 1298,1375 1253,1372 1209,1369 1164,1369 1119,1369 1074,1366 1030,1366 985,1366 940,1366 895,1366 850,1363 806,1363 761,1360 716,1360 671,1360"/>
                <Baseline points="671,1355 716,1355 761,1355 806,1358 850,1358 895,1361 940,1361 985,1361 1030,1361 1074,1361 1119,1364 1164,1364 1209,1364 1253,1367 1298,1370 1343,1370 1388,1373 1433,1373 1477,1376 1522,1382 1567,1382 1612,1382 1656,1382 1701,1385 1746,1385 1791,1385 1836,1385 1880,1382 1925,1382 1970,1382 2015,1382 2054,1379"/>
                <TextEquiv>
                    <Unicode>tua est : Cuius corpus in bohemiam translatum : in sepulchris principum condidere</Unicode>
                </TextEquiv>
            </TextLine>
            <TextLine id="r_tl_19" custom="readingOrder {index:19;}">
                <Coords points="650,1379 695,1379 740,1376 785,1373 829,1376 874,1373 919,1373 964,1373 1009,1376 1053,1373 1098,1376 1143,1376 1188,1379 1233,1379 1277,1379 1322,1382 1367,1382 1412,1385 1456,1385 1501,1385 1546,1388 1591,1391 1636,1391 1680,1391 1725,1394 1770,1394 1815,1394 1859,1394 1904,1394 1949,1394 1994,1397 1994,1447 1949,1444 1904,1444 1859,1444 1815,1444 1770,1444 1725,1444 1680,1441 1636,1441 1591,1441 1546,1438 1501,1435 1456,1435 1412,1435 1367,1432 1322,1432 1277,1429 1233,1429 1188,1429 1143,1426 1098,1426 1053,1423 1009,1426 964,1423 919,1423 874,1423 829,1426 785,1423 740,1426 695,1429 650,1429"/>
                <Baseline points="650,1424 695,1424 740,1421 785,1418 829,1421 874,1418 919,1418 964,1418 1009,1421 1053,1418 1098,1421 1143,1421 1188,1424 1233,1424 1277,1424 1322,1427 1367,1427 1412,1430 1456,1430 1501,1430 1546,1433 1591,1436 1636,1436 1680,1436 1725,1439 1770,1439 1815,1439 1859,1439 1904,1439 1949,1439 1994,1442"/>
                <TextEquiv>
                    <Unicode>Spitigneo uita defuncto : uratislaus successit Qui morauia rursus</Unicode>
                </TextEquiv>
            </TextLine>
            <TextLine id="l_3" custom="readingOrder {index:20;}">
                <Coords points="1036,1482 1024,1482 979,1482 934,1482 889,1482 844,1482 800,1482 755,1482 710,1482 665,1482 665,1432 710,1432 755,1432 800,1432 844,1432 889,1432 934,1432 979,1432 1024,1432 1036,1432"/>
                <Baseline points="665,1477 710,1477 755,1477 800,1477 844,1477 889,1477 934,1477 979,1477 1024,1477 1036,1477"/>
                <TextEquiv>
                    <Unicode>inter fratres diuisa :</Unicode>
                </TextEquiv>
            </TextLine>
            <TextLine id="l_2" custom="readingOrder {index:21;} corr {offset:0; length:9;comment:Iaronurum\u0020written\u0020twice,\u0020then\u0020first\u0020one\u0020deleted;}">
                <Coords points="1036,1432 1068,1432 1113,1435 1158,1435 1203,1435 1247,1438 1292,1438 1337,1441 1382,1444 1427,1441 1471,1444 1516,1444 1561,1444 1606,1447 1650,1444 1695,1447 1740,1447 1785,1450 1830,1450 1874,1450 1919,1450 1964,1447 2009,1447 2054,1447 2065,1444 2065,1494 2054,1497 2009,1497 1964,1497 1919,1500 1874,1500 1830,1500 1785,1500 1740,1497 1695,1497 1650,1494 1606,1497 1561,1494 1516,1494 1471,1494 1427,1491 1382,1494 1337,1491 1292,1488 1247,1488 1203,1485 1158,1485 1113,1485 1068,1482 1036,1482"/>
                <Baseline points="1248,1485 1292,1483 1337,1486 1382,1489 1427,1486 1471,1489 1516,1489 1561,1489 1606,1492 1650,1489 1695,1492 1740,1492 1785,1495 1830,1495 1874,1495 1919,1495 1964,1492 2009,1492 2054,1492 2065,1489"/>
                <TextEquiv>
                    <Unicode>Iaronurum quem pater ecclesie dedicatum exortem</Unicode>
                </TextEquiv>
            </TextLine>
            <TextLine id="r_tl_21" custom="readingOrder {index:22;}">
                <Coords points="668,1483 713,1483 758,1483 803,1483 847,1486 892,1486 937,1486 982,1486 1027,1486 1071,1486 1116,1489 1161,1489 1206,1489 1250,1492 1295,1492 1340,1492 1385,1495 1430,1498 1474,1501 1519,1504 1564,1504 1609,1504 1653,1507 1698,1507 1743,1507 1788,1507 1833,1507 1877,1507 1922,1507 1967,1504 2012,1507 2039,1507 2039,1557 2012,1557 1967,1554 1922,1557 1877,1557 1833,1557 1788,1557 1743,1557 1698,1557 1653,1557 1609,1554 1564,1554 1519,1554 1474,1551 1430,1548 1385,1545 1340,1542 1295,1542 1250,1542 1206,1539 1161,1539 1116,1539 1071,1536 1027,1536 982,1536 937,1536 892,1536 847,1536 803,1533 758,1533 713,1533 668,1533"/>
                <Baseline points="668,1528 713,1528 758,1528 803,1528 847,1531 892,1531 937,1531 982,1531 1027,1531 1071,1531 1116,1534 1161,1534 1206,1534 1250,1537 1295,1537 1340,1537 1385,1540 1430,1543 1474,1546 1519,1549 1564,1549 1609,1549 1653,1552 1698,1552 1743,1552 1788,1552 1833,1552 1877,1552 1922,1552 1967,1549 2012,1552 2039,1552"/>
                <TextEquiv>
                    <Unicode>regni fecerat : In diaconem uel inuitum ordinari iussit : Is relicto Christi</Unicode>
                </TextEquiv>
            </TextLine>
            <TextLine id="r_tl_22" custom="readingOrder {index:23;}">
                <Coords points="671,1537 716,1537 761,1540 806,1537 850,1540 895,1540 940,1540 985,1543 1030,1543 1074,1543 1119,1543 1164,1543 1209,1546 1253,1546 1298,1549 1343,1552 1388,1552 1433,1552 1477,1555 1522,1558 1567,1561 1612,1561 1656,1564 1701,1561 1746,1561 1791,1564 1836,1564 1880,1561 1925,1561 1970,1561 2015,1561 2018,1558 2018,1608 2015,1611 1970,1611 1925,1611 1880,1611 1836,1614 1791,1614 1746,1611 1701,1611 1656,1614 1612,1611 1567,1611 1522,1608 1477,1605 1433,1602 1388,1602 1343,1602 1298,1599 1253,1596 1209,1596 1164,1593 1119,1593 1074,1593 1030,1593 985,1593 940,1590 895,1590 850,1590 806,1587 761,1590 716,1587 671,1587"/>
                <Baseline points="671,1582 716,1582 761,1585 806,1582 850,1585 895,1585 940,1585 985,1588 1030,1588 1074,1588 1119,1588 1164,1588 1209,1591 1253,1591 1298,1594 1343,1597 1388,1597 1433,1597 1477,1600 1522,1603 1567,1606 1612,1606 1656,1609 1701,1606 1746,1606 1791,1609 1836,1609 1880,1606 1925,1606 1970,1606 2015,1606 2018,1603"/>
                <TextEquiv>
                    <Unicode>habitum ad polonie duces confugiens : militarem disciplinam sectatus est</Unicode>
                </TextEquiv>
            </TextLine>
            <TextLine id="r_tl_23" custom="readingOrder {index:24;}">
                <Coords points="656,1591 701,1588 746,1591 791,1591 835,1594 880,1594 925,1597 970,1600 1015,1600 1059,1603 1104,1603 1149,1603 1194,1605 1238,1605 1283,1605 1328,1605 1373,1608 1418,1608 1462,1611 1507,1611 1552,1614 1597,1614 1642,1617 1686,1614 1731,1617 1776,1617 1821,1617 1865,1614 1910,1614 1955,1617 2000,1614 2033,1611 2033,1661 2000,1664 1955,1667 1910,1664 1865,1664 1821,1667 1776,1667 1731,1667 1686,1664 1642,1667 1597,1664 1552,1664 1507,1661 1462,1661 1418,1658 1373,1658 1328,1655 1283,1655 1238,1655 1194,1655 1149,1653 1104,1653 1059,1653 1015,1650 970,1650 925,1647 880,1644 835,1644 791,1641 746,1641 701,1638 656,1641"/>
                <Baseline points="656,1636 701,1633 746,1636 791,1636 835,1639 880,1639 925,1642 970,1645 1015,1645 1059,1648 1104,1648 1149,1648 1194,1650 1238,1650 1283,1650 1328,1650 1373,1653 1418,1653 1462,1656 1507,1656 1552,1659 1597,1659 1642,1662 1686,1659 1731,1662 1776,1662 1821,1662 1865,1659 1910,1659 1955,1662 2000,1659 2033,1656"/>
                <TextEquiv>
                    <Unicode>Fuerunt uratislao adilheide tres liberi : Bizetislaus et due femine ludi¬</Unicode>
                </TextEquiv>
            </TextLine>
            <TextLine id="r_tl_24" custom="readingOrder {index:25;}">
                <Coords points="668,1656 713,1656 758,1656 803,1656 847,1656 892,1656 937,1656 982,1659 1027,1659 1071,1662 1116,1662 1161,1662 1206,1668 1250,1668 1295,1668 1340,1668 1385,1668 1430,1668 1474,1668 1519,1668 1564,1671 1609,1671 1653,1674 1698,1674 1743,1677 1788,1677 1833,1674 1877,1677 1922,1677 1967,1677 2012,1677 2042,1674 2042,1724 2012,1727 1967,1727 1922,1727 1877,1727 1833,1724 1788,1727 1743,1727 1698,1724 1653,1724 1609,1721 1564,1721 1519,1718 1474,1718 1430,1718 1385,1718 1340,1718 1295,1718 1250,1718 1206,1718 1161,1712 1116,1712 1071,1712 1027,1709 982,1709 937,1706 892,1706 847,1706 803,1706 758,1706 713,1706 668,1706"/>
                <Baseline points="668,1701 713,1701 758,1701 803,1701 847,1701 892,1701 937,1701 982,1704 1027,1704 1071,1707 1116,1707 1161,1707 1206,1713 1250,1713 1295,1713 1340,1713 1385,1713 1430,1713 1474,1713 1519,1713 1564,1716 1609,1716 1653,1719 1698,1719 1743,1722 1788,1722 1833,1719 1877,1722 1922,1722 1967,1722 2012,1722 2042,1719"/>
                <TextEquiv>
                    <Unicode>milla ac Iuditha uerum adilheide mortua : uxorem alteram ex polonia</Unicode>
                </TextEquiv>
            </TextLine>
            <TextLine id="r_tl_25" custom="readingOrder {index:26;}">
                <Coords points="668,1716 713,1713 758,1710 803,1710 847,1710 892,1713 937,1710 982,1713 1027,1713 1071,1713 1116,1713 1161,1719 1206,1719 1250,1722 1295,1722 1340,1722 1385,1722 1430,1722 1474,1725 1519,1722 1564,1725 1609,1725 1653,1728 1698,1728 1743,1731 1788,1731 1833,1731 1877,1731 1922,1731 1967,1731 1997,1731 1997,1781 1967,1781 1922,1781 1877,1781 1833,1781 1788,1781 1743,1781 1698,1778 1653,1778 1609,1775 1564,1775 1519,1772 1474,1775 1430,1772 1385,1772 1340,1772 1295,1772 1250,1772 1206,1769 1161,1769 1116,1763 1071,1763 1027,1763 982,1763 937,1760 892,1763 847,1760 803,1760 758,1760 713,1763 668,1766"/>
                <Baseline points="668,1761 713,1758 758,1755 803,1755 847,1755 892,1758 937,1755 982,1758 1027,1758 1071,1758 1116,1758 1161,1764 1206,1764 1250,1767 1295,1767 1340,1767 1385,1767 1430,1767 1474,1770 1519,1767 1564,1770 1609,1770 1653,1773 1698,1773 1743,1776 1788,1776 1833,1776 1877,1776 1922,1776 1967,1776 1997,1776"/>
                <TextEquiv>
                    <Unicode>duxit nomine swatauam : Ex qua boleslaum borziuislaum uladeslaum</Unicode>
                </TextEquiv>
            </TextLine>
            <TextLine id="r_tl_26" custom="readingOrder {index:27;} corr {offset:0; length:10;comment:Soeislaum\u0020corr.\u0020in\u0020Sobieslaum;}">
                <Coords points="662,1770 707,1764 752,1764 797,1764 841,1764 886,1764 931,1767 976,1767 1021,1767 1065,1767 1110,1773 1155,1773 1200,1773 1244,1776 1289,1779 1334,1779 1379,1779 1424,1782 1468,1782 1513,1782 1558,1785 1603,1785 1648,1788 1692,1785 1737,1788 1782,1788 1827,1788 1871,1788 1916,1788 1961,1788 2006,1788 2048,1785 2048,1835 2006,1838 1961,1838 1916,1838 1871,1838 1827,1838 1782,1838 1737,1838 1692,1835 1648,1838 1603,1835 1558,1835 1513,1832 1468,1832 1424,1832 1379,1829 1334,1829 1289,1829 1244,1826 1200,1823 1155,1823 1110,1823 1065,1817 1021,1817 976,1817 931,1817 886,1814 841,1814 797,1814 752,1814 707,1814 662,1820"/>
                <Baseline points="662,1815 707,1809 752,1809 797,1809 841,1809 886,1809 931,1812 976,1812 1021,1812 1065,1812 1110,1818 1155,1818 1200,1818 1244,1821 1289,1824 1334,1824 1379,1824 1424,1827 1468,1827 1513,1827 1558,1830 1603,1830 1648,1833 1692,1830 1737,1833 1782,1833 1827,1833 1871,1833 1916,1833 1961,1833 2006,1833 2048,1830"/>
                <TextEquiv>
                    <Unicode>Sobieslaum suscepit : Inter hoc Seuerus episcopus : qui bohemiam Morauiam¬</Unicode>
                </TextEquiv>
            </TextLine>
            <TextLine id="r_tl_27" custom="readingOrder {index:28;}">
                <Coords points="668,1826 713,1829 758,1820 803,1820 847,1820 892,1820 937,1823 982,1826 1027,1826 1071,1826 1116,1826 1161,1832 1206,1832 1250,1835 1295,1835 1340,1838 1385,1838 1430,1841 1474,1841 1519,1844 1564,1841 1609,1844 1653,1844 1698,1844 1743,1844 1788,1844 1833,1844 1877,1844 1922,1841 1967,1841 2012,1841 2045,1841 2045,1891 2012,1891 1967,1891 1922,1891 1877,1894 1833,1894 1788,1894 1743,1894 1698,1894 1653,1894 1609,1894 1564,1891 1519,1894 1474,1891 1430,1891 1385,1888 1340,1888 1295,1885 1250,1885 1206,1882 1161,1882 1116,1876 1071,1876 1027,1876 982,1876 937,1873 892,1870 847,1870 803,1870 758,1870 713,1879 668,1876"/>
                <Baseline points="668,1871 713,1874 758,1865 803,1865 847,1865 892,1865 937,1868 982,1871 1027,1871 1071,1871 1116,1871 1161,1877 1206,1877 1250,1880 1295,1880 1340,1883 1385,1883 1430,1886 1474,1886 1519,1889 1564,1886 1609,1889 1653,1889 1698,1889 1743,1889 1788,1889 1833,1889 1877,1889 1922,1886 1967,1886 2012,1886 2045,1886"/>
                <TextEquiv>
                    <Unicode>que sacerdocio tenuerat : iohanne in morauorum ecclesia sibi substituto : iam</Unicode>
                </TextEquiv>
            </TextLine>
            <TextLine id="r_tl_28" custom="readingOrder {index:29;}">
                <Coords points="662,1892 707,1889 752,1886 797,1886 841,1886 886,1886 931,1886 976,1886 1021,1886 1065,1889 1110,1892 1155,1892 1200,1895 1244,1898 1289,1898 1334,1901 1379,1901 1424,1901 1468,1904 1513,1904 1558,1904 1603,1904 1648,1907 1692,1907 1737,1904 1782,1907 1827,1907 1871,1904 1916,1907 1961,1907 2006,1904 2051,1904 2054,1901 2054,1951 2051,1954 2006,1954 1961,1957 1916,1957 1871,1954 1827,1957 1782,1957 1737,1954 1692,1957 1648,1957 1603,1954 1558,1954 1513,1954 1468,1954 1424,1951 1379,1951 1334,1951 1289,1948 1244,1948 1200,1945 1155,1942 1110,1942 1065,1939 1021,1936 976,1936 931,1936 886,1936 841,1936 797,1936 752,1936 707,1939 662,1942"/>
                <Baseline points="662,1937 707,1934 752,1931 797,1931 841,1931 886,1931 931,1931 976,1931 1021,1931 1065,1934 1110,1937 1155,1937 1200,1940 1244,1943 1289,1943 1334,1946 1379,1946 1424,1946 1468,1949 1513,1949 1558,1949 1603,1949 1648,1952 1692,1952 1737,1949 1782,1952 1827,1952 1871,1949 1916,1952 1961,1952 2006,1949 2051,1949 2054,1946"/>
                <TextEquiv>
                    <Unicode>grauis senio ex uita decedit : ob quam rem Conradus et otho uratislaum</Unicode>
                </TextEquiv>
            </TextLine>
            <TextLine id="r_tl_29" custom="readingOrder {index:30;}">
                <Coords points="671,1952 716,1946 761,1946 806,1943 850,1943 895,1943 940,1946 985,1946 1030,1946 1074,1949 1119,1949 1164,1952 1209,1955 1253,1955 1298,1958 1343,1958 1388,1958 1433,1961 1477,1961 1522,1961 1567,1964 1612,1964 1656,1964 1701,1964 1746,1967 1791,1964 1836,1967 1880,1964 1925,1964 1970,1964 2015,1961 2021,1964 2021,2014 2015,2011 1970,2014 1925,2014 1880,2014 1836,2017 1791,2014 1746,2017 1701,2014 1656,2014 1612,2014 1567,2014 1522,2011 1477,2011 1433,2011 1388,2008 1343,2008 1298,2008 1253,2005 1209,2005 1164,2002 1119,1999 1074,1999 1030,1996 985,1996 940,1996 895,1993 850,1993 806,1993 761,1996 716,1996 671,2002"/>
                <Baseline points="671,1997 716,1991 761,1991 806,1988 850,1988 895,1988 940,1991 985,1991 1030,1991 1074,1994 1119,1994 1164,1997 1209,2000 1253,2000 1298,2003 1343,2003 1388,2003 1433,2006 1477,2006 1522,2006 1567,2009 1612,2009 1656,2009 1701,2009 1746,2012 1791,2009 1836,2012 1880,2009 1925,2009 1970,2009 2015,2006 2021,2009"/>
                <TextEquiv>
                    <Unicode>precibus honorant Iaromiro fratri Vt eciam bohemie ab imperatore</Unicode>
                </TextEquiv>
            </TextLine>
            <TextLine id="r_tl_30" custom="readingOrder {index:31;}">
                <Coords points="665,2006 710,2003 755,2003 800,2006 844,2003 889,2006 934,2006 979,2006 1024,2009 1068,2009 1113,2009 1158,2009 1203,2012 1247,2015 1292,2018 1337,2018 1382,2018 1427,2018 1471,2018 1516,2018 1561,2020 1606,2020 1650,2023 1695,2023 1740,2026 1785,2026 1830,2026 1874,2029 1919,2029 1964,2032 2009,2032 2033,2029 2033,2079 2009,2082 1964,2082 1919,2079 1874,2079 1830,2076 1785,2076 1740,2076 1695,2073 1650,2073 1606,2070 1561,2070 1516,2068 1471,2068 1427,2068 1382,2068 1337,2068 1292,2068 1247,2065 1203,2062 1158,2059 1113,2059 1068,2059 1024,2059 979,2056 934,2056 889,2056 844,2053 800,2056 755,2053 710,2053 665,2056"/>
                <Baseline points="665,2051 710,2048 755,2048 800,2051 844,2048 889,2051 934,2051 979,2051 1024,2054 1068,2054 1113,2054 1158,2054 1203,2057 1247,2060 1292,2063 1337,2063 1382,2063 1427,2063 1471,2063 1516,2063 1561,2065 1606,2065 1650,2068 1695,2068 1740,2071 1785,2071 1830,2071 1874,2074 1919,2074 1964,2077 2009,2077 2033,2074"/>
                <TextEquiv>
                    <Unicode>impetret annuit uratislaus : neque imperator aduersatus est : Iaronurus</Unicode>
                </TextEquiv>
            </TextLine>
            <TextLine id="r_tl_31" custom="readingOrder {index:32;}">
                <Coords points="656,2056 701,2056 746,2053 791,2056 835,2056 880,2059 925,2062 970,2062 1015,2065 1059,2065 1104,2068 1149,2071 1194,2071 1238,2071 1283,2071 1328,2074 1373,2077 1418,2077 1462,2077 1507,2077 1552,2077 1597,2077 1642,2080 1686,2080 1731,2080 1776,2083 1821,2083 1865,2083 1910,2080 1955,2077 2000,2080 2015,2080 2015,2130 2000,2130 1955,2127 1910,2130 1865,2133 1821,2133 1776,2133 1731,2130 1686,2130 1642,2130 1597,2127 1552,2127 1507,2127 1462,2127 1418,2127 1373,2127 1328,2124 1283,2121 1238,2121 1194,2121 1149,2121 1104,2118 1059,2115 1015,2115 970,2112 925,2112 880,2109 835,2106 791,2106 746,2103 701,2106 656,2106"/>
                <Baseline points="656,2101 701,2101 746,2098 791,2101 835,2101 880,2104 925,2107 970,2107 1015,2110 1059,2110 1104,2113 1149,2116 1194,2116 1238,2116 1283,2116 1328,2119 1373,2122 1418,2122 1462,2122 1507,2122 1552,2122 1597,2122 1642,2125 1686,2125 1731,2125 1776,2128 1821,2128 1865,2128 1910,2125 1955,2122 2000,2125 2015,2125"/>
                <TextEquiv>
                    <Unicode>ex polonia reuocatus : Relicta milicia episcopus ordinatur ac mutato nomine</Unicode>
                </TextEquiv>
            </TextLine>
            <TextLine id="r_tl_32" custom="readingOrder {index:33;}">
                <Coords points="656,2110 701,2107 746,2107 791,2107 835,2113 880,2113 925,2113 970,2116 1015,2119 1059,2122 1104,2122 1149,2125 1194,2125 1238,2128 1283,2128 1328,2128 1373,2131 1418,2131 1462,2134 1507,2134 1552,2137 1597,2137 1642,2137 1686,2137 1731,2137 1776,2140 1821,2140 1865,2137 1910,2137 1955,2134 2000,2134 2009,2134 2009,2184 2000,2184 1955,2184 1910,2187 1865,2187 1821,2190 1776,2190 1731,2187 1686,2187 1642,2187 1597,2187 1552,2187 1507,2184 1462,2184 1418,2181 1373,2181 1328,2178 1283,2178 1238,2178 1194,2175 1149,2175 1104,2172 1059,2172 1015,2169 970,2166 925,2163 880,2163 835,2163 791,2157 746,2157 701,2157 656,2160"/>
                <Baseline points="656,2155 701,2152 746,2152 791,2152 835,2158 880,2158 925,2158 970,2161 1015,2164 1059,2167 1104,2167 1149,2170 1194,2170 1238,2173 1283,2173 1328,2173 1373,2176 1418,2176 1462,2179 1507,2179 1552,2182 1597,2182 1642,2182 1686,2182 1731,2182 1776,2185 1821,2185 1865,2182 1910,2182 1955,2179 2000,2179 2009,2179"/>
                <TextEquiv>
                    <Unicode>Gebardus appellatur qui mox spiritu superbie inflatus Morauia non minus</Unicode>
                </TextEquiv>
            </TextLine>
            <TextLine id="r_tl_33" custom="readingOrder {index:34;}">
                <Coords points="668,2167 713,2164 758,2167 803,2167 847,2167 892,2167 937,2170 982,2173 1027,2176 1071,2176 1116,2182 1161,2182 1206,2185 1250,2185 1295,2185 1340,2188 1385,2188 1430,2191 1474,2194 1519,2191 1564,2194 1609,2194 1653,2194 1698,2197 1743,2197 1788,2197 1833,2197 1877,2194 1922,2194 1967,2194 1991,2191 1991,2241 1967,2244 1922,2244 1877,2244 1833,2247 1788,2247 1743,2247 1698,2247 1653,2244 1609,2244 1564,2244 1519,2241 1474,2244 1430,2241 1385,2238 1340,2238 1295,2235 1250,2235 1206,2235 1161,2232 1116,2232 1071,2226 1027,2226 982,2223 937,2220 892,2217 847,2217 803,2217 758,2217 713,2214 668,2217"/>
                <Baseline points="668,2212 713,2209 758,2212 803,2212 847,2212 892,2212 937,2215 982,2218 1027,2221 1071,2221 1116,2227 1161,2227 1206,2230 1250,2230 1295,2230 1340,2233 1385,2233 1430,2236 1474,2239 1519,2236 1564,2239 1609,2239 1653,2239 1698,2242 1743,2242 1788,2242 1833,2242 1877,2239 1922,2239 1967,2239 1991,2236"/>
                <TextEquiv>
                    <Unicode>sibi quam suo antecessori debitam dicit : illum exterum : se ciuem : illum</Unicode>
                </TextEquiv>
            </TextLine>
            <TextLine id="r_tl_34" custom="readingOrder {index:35;}">
                <Coords points="665,2221 710,2218 755,2221 800,2221 844,2224 889,2226 934,2226 979,2229 1024,2232 1068,2235 1113,2241 1158,2241 1203,2241 1247,2244 1292,2247 1337,2247 1382,2250 1427,2250 1471,2253 1516,2256 1561,2256 1606,2256 1650,2256 1695,2253 1740,2253 1785,2250 1830,2250 1874,2250 1919,2247 1964,2247 2009,2247 2033,2244 2033,2294 2009,2297 1964,2297 1919,2297 1874,2300 1830,2300 1785,2300 1740,2303 1695,2303 1650,2306 1606,2306 1561,2306 1516,2306 1471,2303 1427,2300 1382,2300 1337,2297 1292,2297 1247,2294 1203,2291 1158,2291 1113,2291 1068,2285 1024,2282 979,2279 934,2276 889,2276 844,2274 800,2271 755,2271 710,2268 665,2271"/>
                <Baseline points="665,2266 710,2263 755,2266 800,2266 844,2269 889,2271 934,2271 979,2274 1024,2277 1068,2280 1113,2286 1158,2286 1203,2286 1247,2289 1292,2292 1337,2292 1382,2295 1427,2295 1471,2298 1516,2301 1561,2301 1606,2301 1650,2301 1695,2298 1740,2298 1785,2295 1830,2295 1874,2295 1919,2292 1964,2292 2009,2292 2033,2289"/>
                <TextEquiv>
                    <Unicode>infimo loco natum Se regia stirpe ortum : Ingressus morauiam Iohannem</Unicode>
                </TextEquiv>
            </TextLine>
            <TextLine id="r_tl_35" custom="readingOrder {index:36;}">
                <Coords points="656,2283 701,2280 746,2280 791,2280 835,2280 880,2280 925,2283 970,2283 1015,2283 1059,2289 1104,2292 1149,2295 1194,2298 1238,2298 1283,2298 1328,2301 1373,2301 1418,2304 1462,2307 1507,2310 1552,2313 1597,2313 1642,2313 1686,2313 1731,2313 1776,2310 1821,2310 1865,2307 1910,2307 1955,2307 2000,2304 2045,2301 2068,2304 2068,2354 2045,2351 2000,2354 1955,2357 1910,2357 1865,2357 1821,2360 1776,2360 1731,2363 1686,2363 1642,2363 1597,2363 1552,2363 1507,2360 1462,2357 1418,2354 1373,2351 1328,2351 1283,2348 1238,2348 1194,2348 1149,2345 1104,2342 1059,2339 1015,2333 970,2333 925,2333 880,2330 835,2330 791,2330 746,2330 701,2330 656,2333"/>
                <Baseline points="656,2328 701,2325 746,2325 791,2325 835,2325 880,2325 925,2328 970,2328 1015,2328 1059,2334 1104,2337 1149,2340 1194,2343 1238,2343 1283,2343 1328,2346 1373,2346 1418,2349 1462,2352 1507,2355 1552,2358 1597,2358 1642,2358 1686,2358 1731,2358 1776,2355 1821,2355 1865,2352 1910,2352 1955,2352 2000,2349 2045,2346 2068,2349"/>
                <TextEquiv>
                    <Unicode>episcopum qui cedere nollet : contumeliis ac uerberibus afficit ‧ uratislaus</Unicode>
                </TextEquiv>
            </TextLine>
            <TextLine id="r_tl_36" custom="readingOrder {index:37;}">
                <Coords points="656,2337 701,2337 746,2337 791,2340 835,2337 880,2337 925,2340 970,2340 1015,2340 1059,2340 1104,2340 1149,2343 1194,2346 1238,2349 1283,2349 1328,2352 1373,2352 1418,2352 1462,2355 1507,2358 1552,2358 1597,2361 1642,2358 1686,2358 1731,2358 1776,2355 1821,2352 1865,2352 1910,2352 1955,2352 1979,2352 1979,2402 1955,2402 1910,2402 1865,2402 1821,2402 1776,2405 1731,2408 1686,2408 1642,2408 1597,2411 1552,2408 1507,2408 1462,2405 1418,2402 1373,2402 1328,2402 1283,2399 1238,2399 1194,2396 1149,2393 1104,2390 1059,2390 1015,2390 970,2390 925,2390 880,2387 835,2387 791,2390 746,2387 701,2387 656,2387"/>
                <Baseline points="656,2382 701,2382 746,2382 791,2385 835,2382 880,2382 925,2385 970,2385 1015,2385 1059,2385 1104,2385 1149,2388 1194,2391 1238,2394 1283,2394 1328,2397 1373,2397 1418,2397 1462,2400 1507,2403 1552,2403 1597,2406 1642,2403 1686,2403 1731,2403 1776,2400 1821,2397 1865,2397 1910,2397 1955,2397 1979,2397"/>
                <TextEquiv>
                    <Unicode>qui iohannem amaret ea re commotus Romanum pontificem contumaciam</Unicode>
                </TextEquiv>
            </TextLine>
            <TextLine id="r_tl_37" custom="readingOrder {index:38;}">
                <Coords points="656,2397 692,2391 737,2391 782,2391 826,2391 871,2391 916,2391 961,2391 1006,2391 1050,2394 1095,2394 1140,2394 1185,2394 1230,2394 1274,2394 1319,2394 1364,2394 1409,2394 1453,2397 1498,2400 1543,2400 1588,2397 1633,2397 1677,2394 1722,2394 1767,2391 1812,2391 1857,2388 1901,2385 1946,2385 1991,2382 1991,2432 1946,2435 1901,2435 1857,2438 1812,2441 1767,2441 1722,2444 1677,2444 1633,2447 1588,2447 1543,2450 1498,2450 1453,2447 1409,2444 1364,2444 1319,2444 1274,2444 1230,2444 1185,2444 1140,2444 1095,2444 1050,2444 1006,2441 961,2441 916,2441 871,2441 826,2441 782,2441 737,2441 692,2441 656,2447"/>
                <Baseline points="656,2442 692,2436 737,2436 782,2436 826,2436 871,2436 916,2436 961,2436 1006,2436 1050,2439 1095,2439 1140,2439 1185,2439 1230,2439 1274,2439 1319,2439 1364,2439 1409,2439 1453,2442 1498,2445 1543,2445 1588,2442 1633,2442 1677,2439 1722,2439 1767,2436 1812,2436 1857,2433 1901,2430 1946,2430 1991,2427"/>
                <TextEquiv>
                    <Unicode>gebardi uti corripiat : scriptis hortatur : Missus est in bohemiam ro¬ </Unicode>
                </TextEquiv>
            </TextLine>
            <TextEquiv>
                <Unicode></Unicode>
            </TextEquiv>
        </TextRegion>
    </Page>
</PcGts>
