2479 3508
644 384 2021 455 Facile sibi principia uendicabunt : nos ista tanquam anilia deliramenta pretermittimus
647 432 1961 497 omnes reges ex seruis ortos : omnes seruos ex regibus scripsit plato :
650 474 1955 542 ueram nobilitatem sola atque unica uirtus gingnit : Multa sunt que de
644 519 1997 587 bohemis uera ac memorabilia traduntur ad ea nugis omissis festinat
647 564 2018 634 calamus Czehius Croatius haut obscuris parentibus ortus gentem bo¬
638 611 2039 691 hemicam condidit : Qui homicidio domi perpetrato : iudicium ulcionemque
659 662 2000 736 fugiens : in eam regionem uenit : Cui nunc bohemie nomen est : ac montem
650 713 2000 784 incoluit Czhezip uocatum : quod uocabulum latini : respiciens interpretantur
638 758 1958 834 Surgit enim ex medio camporum equore fluuios intuens : qui precipui
647 808 1982 885 bohemiam irrigant : albim Multauiam atque egram : terram incultam
638 859 1973 933 tradunt fuisse : Nemoribus ac sentibus asperam : ferisque quam hominibus
638 907 2030 984 apciorem : Credimus id quidem · Nam prisci germani qui ea loca tenuerunt :
659 952 1961 1032 pastoralem uitam agentes : agrorum culturam neglexerunt : ac more
641 1002 2015 1076 nomadum Alimoniam : ex peccoribus trahentes domesticum in carris tol¬
647 1047 2003 1118 lentes instrumentum : quocunque sors tulit : Et opinio suis cum armentis
644 1095 1982 1169 conuertebantur Non tamen assentimur bohemorum historie : que Czechium
644 1143 1952 1211 illum : omnemque familiam suam : Nam frater cognatique fuge comites
638 1193 1991 1264 erant : glandibus ac siluestribus tantum pomis : uitam duxisse affirmat
638 1250 2015 1315 Oblitterato iam tum glandium usu : Nec post diluuium ex hiis fuisse hominibus
653 1298 2003 1363 fatum crediderim : illud michi perswasibilius fuerit : Czechium paucos
650 1349 1949 1408 inuenisse cultores : quos lacte : ac uenatu uiuentes : arare terram :
638 1402 1970 1461 triticum serere : fruges metere : uescique pane docuerit : atque ita sibi
644 1450 2027 1506 rudes homines : ac pene feros : ad usum mitioris uite redactos subiecerit :
644 1498 1988 1557 hec rursus illud aput me pondus habet : omnia tum fuisse communia
632 1543 1964 1611 atque tam uiros quam feminas incessisse nudos : Neque enim illa regionis
638 1588 1985 1655 temperies est ut hominem asseruare nudum queat : ex dalmacia uenientem
644 1635 1988 1703 Vbi non defuit uestis usus nisi fortasse argumentum quis abduxerit erit
635 1683 2003 1757 adamitas qui nostra tempestate : apud bohemos submersere : communione
644 1734 1946 1805 rerum omnium : Nuditateque gaudentes quos breui deletos constat : Czecpino
647 1788 2039 1856 frater fuit : nomine leches : paupertatis et exilii comes : hic ubi germanum
638 1835 2030 1903 agris ditatum : bobusque potentem animaduertit : ad orientem profectus in magna
644 1883 1982 1957 camporum planicie sedem collocauit : poloniamque nomen ex loco dixit : Nam
647 1940 1958 2005 planicies Sclauonica ligua pole nominatur cuius heredes in numerosam
638 1994 1955 2056 multitudinem coaluerunt : ac russaniam pomeraniam Cassubiamque sui
641 2050 1931 2112 generis hominibus impleuerunt : Czechii quoque bohemos id est diuinos
635 2101 2009 2157 appellant : Mirum in modum germinantes non solum prouinciam a se dictam :
626 2149 1982 2214 Sed morauiam lusaciamque pulsis ueteribus incolis occuparunt : dum uixit
632 2200 2015 2265 czechius nichil temere : nichil tumultuose actum : Eius imperio sine
635 2253 2003 2318 controuersia obtemperatum : at eo uita functo : Cum sibi quisque principatum
635 2301 1985 2369 uendicaret : diu sedicionibus agitata prouincia est sine principe : Sine
632 2358 2009 2417 certa lege : iudicio tantum multitudinis gubernata : postremo cum potenciores
632 2409 1952 2474 imbecillos opprimerent setum atque incertum esset populare : remedium ex
