2479 3508
616 393 2016 523 Successit alberto heinricus septimus de quo paulo ante mencionem fecimus :
616 465 2052 574 Comes luceburgensis : consilio et animo iuxta potens : Is elisabet alteram
620 533 1996 622 Venczeslai sororem 8 et 10 annos clam iussam ad se uenire : apud
643 569 2047 665 spiram gallie ciuitatem : iohanni filio suo ‧ 4 annis minori matrimonio
616 649 1965 716 coniunxit Eodemque tempore : tribus comparatis exercitibus : unum
631 700 2056 791 ipse in italiam duxit aduersus brixienses : Quos armis euictos
631 745 2016 832 imperata facere compulit : lambardosque omnes in potestatem accepit :
620 807 1968 909 alterum aduersus comites uictembergenses direxit : Sacro imperio
625 856 2034 965 rebelles : Quibus 80 : castellis : ac munitissimis oppidis que obtinebant
625 925 1983 992 duo et lxx armis expugnata ademit : tercium ex franconibus :
616 989 1990 1058 ac boioariis comparatum duce petro archiepiscopo Maguntino : Cum
629 1043 2036 1120 filio in bohemiam misit : hic est ille heinricus : qui rome coronatus
622 1092 2025 1189 renitente ruperto rege neapolitano : florenciam obsidione artissima
629 1150 1965 1225 Cinxit ‧ pisas senasque in potestate habuit : Et apud bonumconuentum
631 1205 1968 1301 in agro Senensi : hostili fraude : ueneno extinctus fertur : Cuius
629 1256 2027 1352 corpus in uetusto ac nobili pisarum templo sublimi loco : post aram
622 1314 2010 1390 maiorem amici condiderunt : pugnatum est in bohemia pluribus locis
622 1385 2066 1469 Cum alii bohemorum iohannem regnare cuperent : alii heinrico studerent
605 1434 2063 1503 Qui iam cum tribus imperatorum filiis de regni possessione contendisset :
629 1498 1974 1563 obsessa est denique praga regni caput ‧ diuque opugnata Cum
622 1536 1956 1618 heinricus et machio misnensis haud pigre menia tuerentur : ad
620 1616 1956 1696 extremum tamen oppidanorum prodicione iohanni tradita · hosti in arcem
631 1656 1992 1741 sese recepit : Nec multis post diebus in carinthiam profugit : Ex
622 1705 2048 1810 eo tempore ad Sigismundum imperatorem bohemia in potestate luteburgensium
654 1785 1981 1867 per annos ferme cxxvi : fuit ‧ iohannes potenti manu regnum
616 1830 2025 1919 gubernauit : Et patre in italia agente : apud germanos uicario
622 1885 2012 1972 nomine administrauit imperium : patre uero defuncto : cum plurime
616 1948 2032 2025 italie ciuitates ei sese dedissent : pentrauit alpes cum exercitu : Easque
625 2007 2005 2092 non paucis annis tutatus est : dum fredericus austrie et ludouicus
620 2061 1996 2128 boioarie princeps : de romano imperio inter se contendunt : fuerunt
620 2110 2056 2199 ei : Et cum coniuge graues dissensiones : baronibus regni : Reginam a
629 2174 1981 2248 rege subtrahentibus : tanquam bohemorum inimico : qui theutones
625 2232 1990 2312 in primis haberet acceptos : uentum licet ad arma : affectum magnis
616 2292 1992 2365 calamitatibus regnum : uix tandem composite lites post hec egra
616 2352 1963 2439 a iohanne recepta ‧ Et uratislauiensium ciuitas Quam dux Sclesie
614 2401 1941 2485 occuparat heinricus lignicium quoque et complures alie Sclesie
622 2466 1967 2561 ciuitates : iohanni subiciuntur : Geritus et aduersus australes bellum
