1145 1674
302 206 988 244 uxore sua filia comitis Slawi¬
333 251 967 288 bori de castello Bzew / quod modo
323 293 952 336 Melnyk dicitur / fidem katholicam in
321 343 947 385 quantum potuit / in principatu suo et
327 398 963 438 feliciter regnauit temporibus suis post
327 448 967 490 adepcionem baptismatis ‧ Habuit
325 501 946 548 eciam duos filios / Spitingneum ‧ et
328 552 980 600 Wratislaum ex dicta uxore sua beata
333 601 975 652 Ludmila Post cuius Borziwogii
337 653 984 703 obitum Spitigneus filius eius ob¬
332 705 946 754 tinuit principatum / et post eiusdem
332 758 973 805 Spitigney obitum Wratislaus frater
343 809 999 861 suus ducatum rexit Qui et funda¬
337 853 992 906 uit ecclesiam sancti Georgii in castro
335 909 969 958 Pragensi / ubi sepultus est Qui Wra¬
330 960 994 1013 tislaus accepit uxorem nomine Dra¬
328 1011 1000 1067 homirz / de durissima gente Luticensi /
322 1055 941 1113 saxis in credendo duriorem / ex
315 1102 1008 1160 prouincia nominata Stodor ‧ Eadem Dra¬
323 1157 990 1209 homirz peperit duos filios / sanctum
323 1215 972 1261 Wenceslaum ‧ Deo et hominibus propter
324 1275 960 1317 uirtutem eximiam acceptabilem /
