1174 1674
232 168 890 205 ayentes Quod nisi consuleret in talibus
227 202 907 240 et eciam opportuno remedio prouideret / de¬
227 249 853 282 cetero se dictarum feminarum subicirent dictioni
213 288 887 325 Prefatus itaque Prziemysl / hiis auditis
227 334 875 369 inito consilio misit in Castrum Diewin
222 378 906 416 ad puellas prefatas ayens Iam oportet
231 426 946 462 me subici uestro dominio / et castrum Wysse¬
215 473 924 515 gradensi in uestram tradere potestatem Ideo ad acci¬
219 516 880 558 piendum possessionem eius placeat uobis
217 563 891 602 puellas mittere / quas uidebitis expedire
219 611 909 650 Quod cum prefate puelle audissent subito
226 652 483 689 meliores de
483 659 887 698 suis cum multa potencia
221 693 889 745 Wyssegradensi miserunt ad castrum Que dum
225 743 912 782 ibi uenissent parata quelibet uictui ne¬
221 788 849 822 cessaria inuenerunt Que cibum et potum
219 831 900 868 auide ualde sumentes / ebrietatis sunt ui¬
216 873 902 910 cio pregrauate Quo facto dictus Przie¬
218 920 889 951 mysl statim de latibulis dispositis uiros
223 959 919 993 emisit / et eas omnes occidi mandauit Vi¬
228 999 909 1034 ri uero qui hoc fecerant / acceperunt earum equos
219 1043 923 1077 et arma / et ad aliarum interitum fortiter ani¬
222 1086 934 1123 mauerunt Quod cum audissent Wlasta, prin¬
215 1129 901 1172 ceps earum furia accensa exiuit de Castro
211 1171 913 1216 Diewin cum illis duntaxat / que eam subito sunt
230 1208 923 1261 secute Et cum uenisset ante Castrum Wysse¬
215 1252 908 1293 gradensis / uiri armatis puellarum muniti sibi
926 248 1038 280 totaliter
