1174 1674
226 205 880 250 pus recondidit. In eadem ecclesia eciam
223 250 877 289 ipse cum fratre suo sancto Metudio sepultus
222 293 863 338 est / et ab ipsa ecclesia in hodiernum diem
220 341 891 378 titulus unius cardinalis describitur ‧
225 387 904 424 Ille eciam beatus Cirillus olim ui¬
216 429 887 477 dens duriciam et incredulitatem Mo¬
215 452 866 527 rauorum et Slowanorum / postulauit
217 527 875 585 ab apostolico / quod indulgere et concedere dig¬
228 578 892 636 naretur / ut missam et alia diuina offi¬
222 634 883 685 cia possent in lingwa slawonica
227 680 889 739 celebrari Nam non credebat aliter
214 734 863 788 eos in fide confirmari posse Qui
226 785 863 836 papa petita huiusmodi habuit
225 836 910 894 pro ridiculo / et dum in consilio car¬
214 885 879 949 dinalium et multorum presulum desuper
221 941 866 1000 tractatum et deliberacionem haberet /
212 991 885 1052 subito uox de celis insonuit di¬
221 1047 875 1111 cens Omnis spiritus laudet Dominum
214 1104 878 1166 et omnis lingwa confiteatur ei Tunc
224 1157 861 1213 papa hoc audito miraculo in perpetuum
230 1216 873 1268 statuit quod in lingwa slawonica
212 1286 925 1325 possent misse et alia diuina officia
