1174 1674
240 180 862 219 stetisset / nullum tamen fructum in commisso sibi
229 214 865 258 grege facere potuit / Iterum Romam rediit / et
227 249 917 295 tamdiu ibi stetit in monasterio sancti allexy
239 285 905 328 predicto / quousque instante iterato archiepiscopo Magun¬
233 322 893 362 tinen aput papam denuo redire bohemiam
225 358 924 396 compulsus est ‧ Sed reuersus pragam nichilominus
222 394 915 435 proficere potuit Demum abinde recedens
226 432 880 468 ad externas naciones vngariam ueniens / eius
227 468 917 507 que primum regeni sanctum Stephanum bapti¬
236 502 882 544 zauit Qui sanctus Stephanus post obitum
246 539 929 581 sancti adalberti prefati Strigoniensem metropolitam
230 579 875 619 construxit / et sublimauit ecclesiam Sicque totam
226 617 871 656 pannoniam ‧ et polinam Cui regeznensis ecclesie
236 653 877 701 kathedra beatum Gaudencium fratrem suum alio
227 690 883 733 nomine radym prefecit / Qui postea anno domini
910 703 1091 742 uel Radimyz
234 725 909 762 DCCCC XXIX ibidem in Episcopum ordinatus est
231 760 904 796 Et sic eciam quantum plures naciones alias conuertit
236 796 927 831 ad fidem Ipsis que onibus baptisatis / ultimo pru¬
246 831 882 868 ssiam uenit / et ibi multa opera faciens /
229 864 886 905 a prutenis martirizatus est / iubente domino
239 898 873 936 uitam finiuit / et mortus est anno domini
211 932 774 973 DCCCC ‧XC‧ VIo Nono kalendas Magii
414 990 819 1025 Capitulum XXIIII de morte
421 1033 892 1068 prefati Straquas fratris dicti
425 1071 884 1102 pii Boleslay ducis Bohemie
374 1116 897 1153 traquas uero monachus de quo
374 1154 872 1192 supre est mencio / postquam sanctum
362 1194 920 1229 adalbertum Pragensem Episcopum ut prius
390 1230 888 1266 sibi dixerat exulare uidisset / et
210 1272 879 1306 cognouisset populum ad ecclesiam suam hominum sibi
