1135 1674
318 196 956 234 brachium beati sancti Viti martiris / quod
316 241 989 280 imperator sibi dedit Quo allato Pra¬
311 289 945 334 gam / editicauit ecclesiam sub tytulo
320 339 964 389 ipsius gloriosi martiris / petens a
317 392 945 447 beato Wolfgango Ratisponensi Episcopo
331 449 948 500 tunc Bohemorum diocesano / ut non
321 502 952 549 pigritaret uenire ad consecracionem
320 550 999 606 dicte basilice Cui beatus Wolfgan¬
311 607 982 657 gus ayt Nunquid fili indiges de me
322 656 965 709 Nam tuam ecclesiam quam consecrari
318 713 944 764 desideras in metropolitanam uidi
317 771 969 827 erectam et sublimatam coram Deo / sed
318 821 946 883 nutu tuo ad consecrandam ipsam
311 876 973 939 libenter mittam Cum quadam uice
319 937 983 996 iret beatus Wenczeslaus nocturno
313 997 968 1053 tempore / dum niues et glacies campos
306 1059 966 1114 et uiam occuparent / miles suus se¬
305 1120 990 1168 cretarius nomine Podywen eum seque¬
305 1173 997 1222 batur / in cuius pedibus frigus inualu¬
309 1228 973 1269 it / quamuis esset calciatus ut tollerare
307 1279 999 1326 non posset Cui beatus Wenczeslaus
