1174 1674
194 196 854 248 Excusationes et peticiones eorum admittens ‧
195 244 853 294 praecepit et pro satisfaccione praemissorum in¬
202 292 846 337 iunxit ‧ quod praefatus dux bohemie Brzeti¬
212 336 845 382 slaus Collegium Canonicorum in bohemiam
199 378 840 426 de bonis suis proprys sufficienter in omni
199 419 842 469 necessitate construeret et dotaret , ac ut quaedam
191 462 842 516 eodem collegio persone ecclesiastice ydonee
195 506 864 556 instituerentur canonice procuraret ‧ qui diuinis
203 551 872 598 laudibus inibi domino perpetue deseruirent /
192 591 864 640 ac sic per accepti  mandati apostolici execu¬
198 632 859 684 cionem plenariam ‧ ad propria dicti nunccy reme¬
192 676 877 722 arunt Ambasiatores itaque ducis bohe¬
205 720 872 767 mie supradicti tam misericordi et benigna
203 763 851 812 Summi pontificis responsione recepta ‧ leti
198 803 833 853 reuertuntur bohemiam ‧ suo principi ea que
203 843 853 895 acciderant ad ordinem enarrantes Brzeti¬
203 881 869 939 slaus uero bohemie dux apostolicum praeceptum
195 920 820 982 gratanter acceptans et exequens / in urbe
203 963 811 1018 Boleslaw sito in littore albee fluminis
204 1007 827 1057 sub honore sancti Wenczeslai martiris
203 1050 841 1100 quondam ducis bohemie / in qua olim idem
211 1094 872 1142 sanctus Venczeslaus ab impio fratricida
201 1138 838 1197 Boleslao martirium passus est / sollemp¬
207 1178 818 1244 nem collegiatam Canonicorum fundari
199 1221 850 1285 construi et dotar procurarunt ecclesiam /
201 1262 831 1325 eaque ipsis per apostolicum super praemissis
