1132 1674
316 200 977 238 celebrari / et sic per archiepiscopatus et prouincias
317 243 940 282 Spaletensem Raguisinensem et Iadriensem et
312 284 986 329 aput omnes suffraganeos eorum et multos ali¬
310 328 957 376 os episcopatus tam per presules quam sacerdotes
317 367 955 421 misse et alia diuina officia usque hodie in
310 416 978 468 slawonico celebrantur Sequitur aliud
443 467 962 515 Capitulum XIIII de exterminio et fine
435 510 958 561 regni Morauie / et eius metro¬
430 551 954 608 poli ac dicti regni reintegracione
432 597 927 650 eiusque in Boemiam translacione
425 641 954 694 ostquam prefatus rex filius dicti
404 687 939 734 quondam Swatopluk regis
312 732 963 778 Morauie / excommunicatus a sancto Me¬
306 771 979 821 tudio archiepiscopo supradicto ut premittitur, mo¬
293 813 963 867 dicum temporis uixisset / perdidit regnum suum Mo¬
302 860 979 913 rauie Quod taliter exterminatum est Nam
302 900 956 957 partim Vngaris ‧ partim Theutoriicis
310 946 940 1007 orientalibus / alias Australibus / partimque
308 993 960 1054 Polonis diripientibus / membratim illud
316 1045 925 1100 inter se ualida potencia diuiserunt
306 1095 986 1153 sicque regnum Morauie totaliter exterminatum ‧
309 1144 970 1200 depopulatum et dimembratum est / et ciui¬
313 1191 964 1243 tas Welegradensis diruta funditus /
316 1240 1000 1292 et deinceps rex et regnum et archiepiscopatus
304 1292 953 1326 Morauie penitus defecerunt / et esse
