1174 1674
215 184 897 225 Adalbertus esse fratrem ducis Bohemie cognouisset /
219 221 871 261 ipsum ad se secrete recipiens alocutus est Ex quo
211 256 877 297 te uideo uirum illustris generis germanum ducis
213 292 878 330 bohemie Scire uelis tot esse scelera gre¬
209 323 900 372 gis michi commissi / quod singula corrigere non ualeo /
211 358 884 410 sed neque hic fructum facere bonum Nam infidelitas
219 392 855 445 nequicia populi / incesta copula / et inconstantis
215 427 878 483 coniugii scelus / inobidiencia ‧ et negligencia /
217 468 862 517 Cleri superbia / et intollerabilis potencia co¬
215 503 861 548 mitum et magnatum in plebe mee Pragensis
213 536 869 585 diocesis / a deo et talier excreuerunt / quod ad eorum
211 568 850 614 emendam et correccionem debitam sufficere non
212 601 852 647 ualeo Igitur decreui romam ire / apostolicum con¬
220 636 843 682 sulere / et ad peruersum populum nunquam redire
207 668 853 717 Tu igitur cum sis frater principis huius terre /
219 705 884 752 forsitam plebs ista tibi magus obediret tibi
216 744 835 786 magis quam michi / et tu consilio et auxilio
221 778 845 822 fratris tui de superbos domare / inobedientes
223 812 847 857 corrigere / et infideles poteris increpare
219 846 835 892 Et ecce et gregi suo prodesse utiliter et
211 879 855 930 preesse Ecce pastoralem baculum meum
215 918 843 965 In sinu tuo pono / et Episcopatum meum
217 957 878 1002 tibi resignare promitto Et ut licere po¬
222 995 855 1039 ssit in uita mea <add>te</add> esse Episcopum / aput
210 1031 854 1077 apostolicum impetrabo Straquas uero hoc
216 1071 896 1114 audito / Episcopalem bacculum Sancti adalberti
231 1105 895 1158 synu suo positum in terram furibundus abiecit /
211 1140 887 1190 et dolose subiunxit Nolo habere dignitatem
225 1176 909 1231 in mundo / honores fugeo / pompas despicio /
220 1210 850 1271 indignum me iudico episcopali fastigio
220 1253 897 1299 Sed neque tantum pondus pastorale portare
221 1287 927 1331 suficio / Monachus sum / mortuus sum / et mortuos
927 106 1067 263 cognouisset
