1138 1674
301 187 995 223 Brzetislaus mandatis imperalibus obtemperare
305 236 982 278 renuueret ‧ statim imperator furore succensus
304 281 1008 319 fortem et magnum congregat exercitum Et persona¬
298 323 960 363 liter ab uno latere cum suis principibus per
297 364 986 409 uiam qua itur de ratispana bohemiam appli¬
305 404 982 454 cat Et in littore fluuy Rzezen qui uulgariter
303 445 969 500 dicitur regen ad partem quae declinat uersus
307 490 999 543 Cham prope siluas cum exercitu suo castra me¬
310 534 946 585 tatus est / ducem uero Saxoniae Othardum
311 577 958 630 nomine uirum industrem et bellicum cum suis¬
308 622 960 673 ex opposito alterius partis qua itur per Sir¬
307 671 996 717 biam uersus saxoniam ad inuadendum bohemiam
309 715 941 764 ordinauit Sicque ex utraque parte terram et
311 760 1001 811 gentem bohemiae duris congressibus opprimere
320 803 967 857 nitebatur ‧ Imperator autem dum a parte exercitus
328 845 990 900 sui metas bohemiam attigisset , et densitatem
333 891 935 946 siluarum qua ad intrandum bohemiam additus
311 938 976 990 preclusus erat liquido conspexisset / et
314 980 978 1040 uias quaslibet inueniret obstructas / suos
325 1028 959 1081 singulos iubet manum apponere et per
316 1077 981 1126 densitates siluarum huiusmodi uias necess¬
319 1121 922 1177 arias ordinari Quo facto una cum suis
319 1163 976 1215 intrat obscura siluarum in loca / Et dum
321 1207 965 1256 quendam eminenciore locum siluarum huiusmodi
310 1255 969 1295 ascendisset imperalia fixit tenoria ‧ et sedens
315 1296 968 1329 bohemiamque terram et situm inspiciens
