1132 1674
317 191 958 226 imbuebat. Tandem pius consolator
312 238 954 279 Spiritus sanctus liquefecit cor pueri et
320 288 941 329 interiora eius inflammauit in tantum / ut
319 340 968 379 ab extra scintille sue erudicionis ful¬
323 395 941 431 gerent ‧ sicut lampades inter pios et
328 445 971 482 iustos et fructus eternitatis flore¬
328 498 929 533 rent ex mellifluo ore eius Nam
325 546 942 586 ex predicacione sua illuminata est patria
319 597 974 638 Bohemorum / uirginitatem seu castita¬
324 649 980 691 tem portauit mente et corpore / mar¬
322 701 958 743 tirium siciens pro Christo / non palliabat ueri¬
328 756 986 796 tatem fidei christiane / sed palam pre¬
339 809 985 854 dicabat et humilis super omnes coetane¬
334 860 977 900 os suos Accidit autem, quod invida Dra¬
327 910 960 948 homirz appetens extolli pre socru
319 958 986 995 in ducatus regimine ‧ tirranos pessimos
319 1007 974 1049 Tunnam et Cumonem misit in castrum
326 1055 970 1100 Tetin / qui beatam Ludmillam stran¬
326 1113 971 1147 gulantes martirio extinxerunt / quam
331 1159 944 1195 Christus torquatam torque aurea
327 1200 967 1248 assumpsit in celum Sequitur aliud
466 1256 1015 1294 Capitulum XVII de uita et regimen
478 1302 972 1343 aq passione sancti Wenczeslay
86 796 319 830 oracionibus, uigiliis,
91 823 305 856 elemosinis, et a¬
87 851 289 884 liis operibus semper in¬
85 879 187 913 tentus
