1129 1674
302 190 974 234 ecclesiam beati Georgii Castri pra¬
304 241 937 282 gensis / Deinde beatus Wenczeslaus
302 289 961 328 appetens celestia / despiciensque terrena /
312 333 997 380 misit legacionem apostolico ut monach¬
319 378 967 432 alem habitum accipiendi licenciam
323 428 979 484 sibi daret · secundum ordinem beati Benedi¬
312 479 982 545 dicti / principatum resignare desiderans fratri
316 531 980 599 suo Boleslao Ipse uero frater suus Bol¬
318 583 982 658 eslaus bonis eius actibus inuidens /
319 636 984 710 terrena concupiscens / et despiciens celes¬
315 701 966 766 tia / eius principatum desiderans / celeriter
307 752 959 827 sceleri se inmiscuit / et ipsum gloriosum
308 811 974 883 principem ad conuiuium in castro Boles¬
298 866 969 937 lauiensi quod construxerat inuitauit Ipse
303 921 972 984 uero mortis sue prescius / tamquam ouis
307 975 968 1037 ad occisionem permisit se ducere / qui sed¬
307 1028 964 1087 uctus a fratre mundano ducebatur ad cel¬
310 1083 967 1144 estem palmam martirii gaudens /
308 1147 952 1205 et gracias Deo agens Nam dum in
310 1205 964 1265 cena recubuisset cum commilitibus
321 1261 978 1318 suis / ayens dixit Cras in uigilia
