1132 1674
300 186 929 235 Sancti Benedicti / et obediencia filie nostre
292 222 949 272 Abbatisse Marie / constituatur congregacio Sanctimo¬
293 257 926 307 nialium ‧ Verumptamen non secundum ritus aut sectam
289 292 951 340 Bulgarie gentis / uel Russie / aut Slawonice
293 328 951 376 linque / sed magis sequens instituta et decreta
289 366 957 412 apostolica unum pociorem tocius ecclesie ad pla¬
296 402 926 452 citum eligas in hoc opus clericum / latinis
287 441 924 483 ad primum literis eruditum / qui uerbi uomere
296 477 977 518 noualia cordis gentilium scindere / et triticum
292 512 933 553 bone operacionis serere sufficiat / uale et
299 549 969 589 statim ut iussum fuerat a papa prefato Iohanne
292 588 950 628 consilio ducis et abbatisse ecclesie sancti Viti de
292 626 961 664 cernuntur et futuro Episcopo Ecclesia uero sancti Georgy
284 663 931 706 martiris Sorori dicti ducis Boleslaii Marie
458 725 937 764 Capitulum XXII de eleccione et in
457 769 909 807 stitucione primi pragensi Episcopi et
436 808 787 845 eiusdem regimine
441 856 943 898 Fuit illis temporibus quidam presbiter pro¬
440 897 946 940 fessione Monachus de saxonia
442 930 931 979 uir eloquens et magne sciencie nomine
439 959 963 1022 ditmarus / qui pridem ad pragensem
288 990 972 1058 urbem oracionis causa uenerat Et qui postea
286 1026 952 1095 pii Boleslay tunc ducis bohemie noticiam
286 1060 975 1124 adeptus / presertim quia linqwam Slawonicam
272 1101 925 1160 bene sciuit Hunc dictus Boleslaus dux
258 1144 942 1199 Valde dilexit / et cum communi consensi cle¬
288 1177 968 1234 ricorum suorum suorum eundem Dithmarum monachum
290 1211 968 1271 in primum Episcopum pragensem elegit / et cum litteris suis
273 1256 960 1298 Octoni Imperatori quondam Hendrici Imperatoris
293 1295 931 1329 ad approbandum et instituendum transmisit Qui
