1132 1674
274 164 927 223 relictis duobus filiis Boleslao pio / et ¬
296 214 964 264 Straquas suum ducatum bohemie / crudeliter
300 251 938 310 et uitam amisit Cui successit idem filius
307 288 937 341 sus Boleslaus pius hic Boleslaus uir
298 325 954 375 christianissimus / et multarum uirtutum et bonorum
299 359 945 409 operis plenis uiginti ecclesias in Boemia
299 392 937 446 de nouo construxit / et sufficienter dotauit
277 430 926 485 Inter quas principalem et primam ecclesiasm sancti
290 465 922 527 viti  / quam pridem sanctus wenczeslaus in
305 504 936 567 castro pragensi edificauerat sublimauit
299 540 946 602 in ecclesiam cathedralem  / quod sic accidit ¬
290 577 958 640 et ad effectum perductum est ‧ Habuit enim sorro¬
294 611 957 685 rem germanam nomine Mladam deuotissimam
288 651 943 721 uirginem / et sanctis scriptuis et litteris eruditam /
296 689 958 756 que dum causa oracionis romam uenisset /
286 729 942 791 a Iohanne papa benigne suscipitur / a quo
293 769 915 831 obtinuit ereccionem monasteri sancti Georgi
270 811 946 870 In castro pragensi / et se ibidem in abbati¬
306 847 920 908 ssam consecrans / mutauit nomen eius /
288 883 954 942 uocauitque eam mariam / et instituit in ducto
294 920 941 976 monasterio regulam sancti Benedici Quo facto /
294 956 973 1011 eadem abbatissa sancti Georgii Castrii
290 992 931 1053 pragensis maria / induccione fratris sui prefati
300 1037 920 1091 pii Boleslai ducis Bohemie / a dicto
298 1071 975 1127 papa Iohanne obtinuit ecclesiam sancti uiti /
294 1109 937 1163 quam olim sanctus wenczeslaus in Castro
299 1140 937 1204 pragensi fundauerat et premittitur / in kathe¬
299 1182 939 1241 dralem ecclesiam sublimari / et tam super
294 1224 977 1275 sublimaccione eisdem pragensis ecclesie / quam eciam
296 1270 964 1315 ereccione et confirmacione abbacie et monasterii
