1174 1674
236 203 901 242 amplius cessauerunt Quod tamen regnum Mo¬
233 244 887 281 rauie postea post XCII annos / uidelicet anno
227 275 874 327 Domini millesimo LXXXVI ‧ per Henricum
221 317 850 374 tercium huius nominis Imperatorem de consensu
226 364 856 418 principum imperii reintegratum est et in
234 408 890 469 Bohemiam translatum Nam idem imperator du¬
227 453 860 516 cem Bohemie Wratislaum sublimauit in
226 499 894 563 regem / et Bohemiam regnum constituit / faciens
238 543 856 614 de regno Morauie marchionatum / et
233 589 859 669 eundem marchionatum cum principatibus et
232 639 912 719 terris ‧ uidelicet Polonia ‧ Russia / et multis aliis
232 696 882 767 ducatibus et terris / que prius temporibus Swato¬
228 747 896 810 pluk ultimi regis Morauie ad regnum
229 797 878 861 Morauie pertinebant ‧ regno et corone
229 851 845 919 Bohemie subiecit / prout reintegracio
235 902 898 964 et translacio huiusmodi in sequentibus /
235 953 887 1009 uidelicet capitulo de uita et regimine Wra¬
234 1000 879 1060 tislai, primi regis Bohemie plenius
234 1049 882 1112 declarantur sequitur capitulum
379 1106 801 1148 Capitulum XV de successione
378 1148 788 1186 ducis Borzywoy primi
381 1186 760 1221 christiani ducis Bohemie
313 1229 917 1262 ux Borzywoy fideliter dilatauit
264 1275 878 1318 una cum beata Ludmila martire
