1126 1674
283 189 957 227 uerba ducis processerunt cum tota potencia eorum
297 228 981 264 ante Castrum Diewin Cum hec uidisset Wla¬
294 272 967 308 sta princeps earum / allocuta est alias puel¬
286 319 951 355 las rememorans / quomodo Amasiones contra
284 367 936 400 Cirum et Allexandrum bella obtinuissent
284 409 951 443 Et quod puellaris potencia adhuc uigeret in
295 453 967 486 regno Saba / et aliis prouinciis Amasonum
284 496 963 529 sub quarum potestate uiri adhuc essent in illis
291 539 994 573 regionibus constituti  /  Et hec talia proferens po¬
299 582 947 620 cius hortabatur eas mortem subire / quam in
294 624 964 662 potestate uirorum subsistere Cui unanimiter con¬
306 670 963 712 sencientes puelle / ad arma ruunt se parant
290 719 948 756 ad prelium Portas Castri apperiunt exeunt
297 765 960 797 ad campos uelud leene famellice / humanum
298 806 965 843 sanguwinem sicientes Et sic cim impetu armis
291 847 959 887 protecte in cautos ruunt in uiros / Vbi Wlasta,
304 894 980 931 siquidem gladio suo septem uiros prior in proelio
282 943 950 976 interfecit Quam secute sunt Capitanee
283 985 951 1021 exercitus eiusdem Mlada ‧ Hodka ‧  Swatava
295 1033 946 1066 Wraczka ‧ Radka Czastawa ‧ Trstawa Ille
291 1074 961 1111 similiter in uirorum exercitum impetum facientes /
291 1118 950 1155 eos omnes in ore gladii perdiderunt Et sic
284 1166 950 1200 deuictis uiris mulieres ‧  Regionem et campos
285 1210 951 1242 potenter sine obstaculo deuastabant In illo
286 1251 1003 1291 tempore sub frauda subdola inuitabant in treugis
