1174 1674
225 184 892 237 ce Deinde beatus Wenceslaus uocatus
228 234 898 289 ab imperatore et principibus est honori¬
223 283 864 343 fice receptus / et ad colloquia et consilia
230 338 851 394 imperatoris inuitatus tardabat
222 383 857 453 quodam mane uenire propter labores
218 438 859 502 et fatigas nocturnas / quas faciebat
224 488 867 549 in uigiliis et oracionibus / ita quod imper¬
226 537 862 602 ator cum principibus putarent eum
227 592 887 658 arroganter pigritare Et decreuit im¬
222 652 868 718 perator cum principibus ob hanc causam
222 709 848 774 eum cum tarde ueniret in consilio
235 761 861 826 non honorare Postquam autem
229 814 900 885 uenit beatus Wenczeslaus ad consilium
229 876 901 944 imperatoris et imperator uidit angelos
233 939 855 1002 eum ducentes / et crucem auream in
231 997 859 1063 fronte ipsius maximo splendore
229 1056 879 1122 nitentem Tunc imperator procidens
234 1117 890 1182 ad pedes eius cum principibus ueniam
234 1175 895 1242 peciit Postea rogans eum ut iuberet
231 1253 932 1304 seu peteret Quidquid uellet tunc peciit
908 188 1148 221 ad imperialem curiam
943 878 1056 910 principum
