1174 1674
238 187 850 223 carceris pragensis uectes et hostia ferocia
234 226 862 263 confregerunt / et intrantes carcerem Cyppum per
234 262 852 304 maximum cuneis ferreis muro infixum
232 302 868 339 conpeditis solutis / ipsum in angulo carceris
234 340 907 371 posiuerunt / precipientes per eos liberatis Quam tocius
229 376 867 412 ad ecclesiam turrite / annunciantes omnibus nos
233 412 909 451 ad eo missos / pacem regio attulisse / de gewra
232 447 907 493 que erat interregeni wartislaum / et filium suum
226 481 869 531 Boleslaum / quem deus huc usque permiserat
233 519 887 570 propter predicta populi preuienda Ipsi uero liberati
246 557 867 600 statim ad ecclesiam currentes / omni populo cum
226 592 907 639 gaudio nuncciauerunt / mox que in crastinum quod
239 628 884 678 sancti predixerant feliciter est inpletum Nam
228 662 894 716 Conradus frater regis concordiam inter regem
228 699 900 751 et filium suum predictos fecit / et sopiuit be¬
234 734 913 791 llum quod erat intestinum quod erat summa deso¬
230 770 907 828 lacio Bohemorum Non dubium quod precibus et meritis
243 806 902 865 sanctorum patronorum nostrorum Wenczeslai et Ad¬
236 841 878 899 abborti pax et concordia illa a deo fuerit
235 879 900 935 missa / qui est benedictus in secula seculorum amen
383 956 923 992 Capitulum XX de morte seui Bole¬
377 1002 857 1041 slay / et succesione fily sui Pii
379 1044 872 1087 Boleslay / ac sublimacione ecclesie
385 1084 939 1130 Pragensis / ac Monasterii Sanctimonialum
384 1124 897 1160 Sancti Georgy in castro pragensi
387 1168 906 1205 nno domini D CCCC LXVIIo Idus July
396 1205 898 1247 Seuus Boleslaus / sancti Wencze¬
392 1242 907 1283 slaii fratris interfector / postquam
193 1280 878 1324 urbem Boleslauiensem muro ualasset
