1174 1674
215 207 860 244 Boleslaum vero toti mundo propter maliciam
222 248 845 284 et necem fratris sui odibilem et ex¬
229 288 886 331 ecrabilem Sequitur aliud capitulum
361 342 787 381 Capitulum XVI de passione
378 391 664 427 beate Ludmille
269 441 842 485 rescente itaque religione christiana in
233 489 856 532 Bohemia postquam prefatus Wratislaus
234 534 874 573 ab hoc seculo decedente regimen du¬
233 574 847 612 catus assumsit et ex Drahamirz uxore
235 610 894 655 sua prefata beatum Wenceslaum et impium
231 649 898 701 Boleslaum filios genuisset / Drahamirz
227 698 892 749 eadem ydolorum sectis se per omnia implicabat
214 744 910 798 Dum itaque obiisset clarissimus princeps Wra¬
227 796 867 839 tisslaus / matri sue beate Ludmille re¬
222 841 904 889 liquit gloriosum puerum Wenczeslaum /
225 887 877 934 et gubernacionem patrie ‧ Drahomirz autem
233 932 870 979 uxor sua nutriebat secundum filium Bo¬
227 978 851 1027 leslaum impium et ad ritus gentilium
222 1024 883 1074 eum frequencius incitabat / Gloriosissima igitur
226 1070 892 1127 matrona et patrona Boemorum prima mar¬
218 1121 857 1169 garita / nec non primus flos in Bohemia
225 1174 886 1217 carptus / beata scilicet Ludmilla / nepotem
223 1228 868 1265 suum beatum Wenczeslaum in fide christiana
207 1287 876 1323 ac sacris literis et eloquiis ewangelicis
898 436 1095 475 pro Spitigueo
886 474 1011 507 fratro suo
