1174 1674
227 182 889 216 misericorditer prodiencium in suis fidelis et
222 220 907 257 deuotis Nam ex antiquis scripturis et ueridicis
228 257 909 298 relatibus inuenimus quod cliens ipsius podywen
208 295 905 338 nomine qui ante in multus bonis operibus sibi comes
220 336 911 375 affuit scilicet in uigiliis peregrinacionibus et labo¬
225 375 860 414 ribus ex iussu Boleslay impii fratricide
228 410 871 454 predicti suspensus est patibulo Quia
231 452 859 490 zelator et relator bone et santissime
240 489 868 529 uite ipsius sancti wenczeslai eciam post
227 527 907 567 mortem extiterat et post biennium incorrupta
226 564 923 605 barba et unguibus crescentibus in patibulo
236 603 848 641 est inuentus et abinde receptus et in
235 638 784 679 ecclesia pragensi honorifice sepultus
432 697 700 732 Aliud miraculum
242 737 870 771 Inuenimus eciam in ipsius miraculis de¬
246 777 860 812 scriptum quod multi captiui eum inuocantes per
217 814 885 853 merita eius ex diris carceribus sunt liberati Inter
230 851 884 888 quos gentilis quidam liberatus / graciam dei et
231 882 912 925 martiris miraculo expertus / Baptismi sa¬
230 927 897 963 cramentum est adeptus cum unico filio suo
232 964 877 1004 quem obtulit deo ad clericatum in laudem
234 1000 890 1037 martiris qui deinde prouectus est ad sacerdo¬
234 1037 860 1076 talem dignitatem deo suoque martiri
232 1075 988 1115 seruiens usque ad uite consummacionem Aliud miraculum
199 1113 895 1151 Mulier eciam quedam uisu orbata manuum
190 1150 895 1186 recurua inflexione ad ipsa natiuitate
230 1187 866 1227 contracta / que uidelicet ad ecclesiam sancti uiti
215 1225 870 1269 martiris ingressa / et ante sepulcrum beati
195 1272 884 1309 Wenczeslai adducta orans intime cum
