1129 1674
170 459 260 612 Styrad
166 851 264 1008 Styrad
275 181 937 217 Castrum Diewin intrantes omnes ibidem
277 217 906 255 per puellas prefatas / que ex latentibus
292 261 933 300 insidiis irruerunt crudeliter sunt occisi
434 304 962 337 Capitulum  ‧IX‧  De traditoria et inaudita
433 341 914 374 feminarum astucia quam feruntur
437 377 857 410 demones miraculose derisisse
368 418 982 455 reterea post tantas mortiferas puella¬
375 458 921 494 rum insidias non remanserat baro
389 498 918 532 pro tunc nobilis in Bohemia nisi
293 535 976 574 uiuus Cztirad uir prouidus et multa probi¬
295 576 969 613 tate preclarus Qui dum ad quandam discordiam
289 616 974 653 complanandam ire debebat Et hoc dicte fe¬
284 662 978 694 mine missis speculatoribus presciuissent ma¬
286 706 942 739 gnum et crudele facinus ordinauerunt Nam
289 749 980 785 quandam pulcherrimam puellam nomine Ssar¬
278 795 948 830 kam in quadam silua maxima cui ualles
291 839 952 876 inerant quam plurime ligauerunt ad arborem
288 881 942 917 ponentes uasculum medonis ad latus eius
278 925 969 960 cum tuba uenatica ut dum dictus Cztirad iter
293 965 941 1001 suum faciens locum declinaret eundem ligate
287 1006 969 1044 puelle uerbis fallacibus tam obliberacionem
287 1049 970 1088 eius quam medonis haustum ex mora retra¬
286 1094 948 1131 ctus ibidem / ac per cornu flatum et sonitum
283 1136 957 1170 uersutis earundem fallaciis ex latentibus
288 1180 997 1217 insidiis / quibus aduentum eius ferocius expe¬
288 1216 956 1252 ctabant ut hunc famosum procerem quem solum
281 1250 934 1293 timebant superstitem interimerent Et sic cum
