1174 1674
238 185 933 233 uiros in Castro suo Diewin / pulcre et astu¬
233 225 899 271 te puelle dicentes iuuenibus et nobilibus
238 258 913 315 uiris quelibet per se altera ad alterum ‧  In amo¬
240 306 894 358 re tuo lanqueo Vnde si me concupiscis
227 348 932 402 habere tibi utique sociabor Ecce etenim secre¬
228 398 908 444 tum tibi pando quod Capitanea mea tali certa
228 441 888 491 die talem uiam equitare disposuit / ubi
234 486 902 540 si forte potenter adueneris poteris me reci¬
236 534 884 585 pere ‧ et eam deuincere / Talibus itaque uerbis
240 578 931 629 et terminis fraudulenter / postea uiris magnas in¬
253 628 909 674 sidias preparabant Nam designata perue¬
244 673 931 722 nissent ad loca ‧  per dictas puellas crude¬
239 721 899 765 liter trucidati sunt Quod in multis baronibus
243 768 910 806 et eorum familia est perfectum Quadam uero die
233 816 916 851 simulata fide miserunt ad proceres uirorum
235 860 910 893 dicentes quod essent atediate talis uite / et quod
228 907 925 941 uellent eis introitum Castri Diewin dare /
230 952 934 989 Et sic proceres predicti uenerunt ad ducem Przie¬
238 998 911 1038 mysl predictam insinuantes eidem Quibus
238 1045 911 1079 respondit Nolite inquit Nolite eis credere ‧ sub
242 1089 889 1124 falso tegmine alarum uos decipient Ipsi uero
230 1142 932 1180 consilia sui principis deserentes congregauerunt
227 1185 927 1225 omnes uiros ‧ quos poterant Et noctis tempore
226 1226 939 1278 per locum que eis dicte puelle monstrauerant
