1174 1674
241 183 907 244 ayens dixit Pone pedes tuos in uesti¬
225 237 885 292 giis pedum meorum / quod et fecit /
226 290 881 344 et calefacti sunt pedes militis / ita ut
238 344 866 397 nullum frigus deinceps sentiret
232 397 898 452 Vestigia autem pedis gloriosi mar¬
233 453 898 505 tiris cruentata fortiter apparebant
231 514 869 558 Dederat se itaque gloriosus princeps
234 568 884 609 Wenczeslaus caritatiue largita¬
236 619 855 667 ti / ut infantes seruiles emeret
230 677 898 726 libertati · et Christo faceret heriles /
225 739 868 787 Vincula et patibula destruens / ti¬
242 795 861 841 mens ne sanguis proximi iniuste
232 845 890 902 condempnaretur Multa ueridica fu¬
230 902 904 961 tura predicebat seu innuebat / unde
240 954 907 1020 inter alia reuelata ei extitit trans¬
238 1020 836 1074 lacio gloriose aue sue Ludmille
228 1077 865 1137 martiris / cuius corpus prout re¬
246 1133 889 1193 uelatum sibi fuerat reperit in¬
237 1190 879 1250 corruptam Quod ipse cum magna
237 1258 859 1311 deuocione honorifice transtulit in
