1174 1674
219 189 865 227 Sanctimonialium Beati Georgii in Castro Pragensi
223 227 840 268 prefato fratri suo pio Bolesleo duci bohemie
226 267 890 316 supradicto / apostolicas portauit litteras sub hiis
213 301 342 337 uerbis
447 334 861 375 Capitulum XXI de literra pape
458 379 886 412 Iohannis super ereccione ecclesie
449 418 887 451 pragensis et Monasterii sancti Geo¬
451 452 888 493 gii missa pio Boleslao duci
450 495 644 527 Bohemie
298 540 904 578 Iohannes seruus seruorum dei ‧ Boleslao
312 584 890 618 catholice fidei alumpno apostolicam be¬
305 618 855 659 nediccionem Justum est beniuolas aures
220 655 881 704 iustis accomodate peticionibus / quia deus est
226 692 879 738 iusticia / et qui diligunt deum iustificabuntur /
218 730 884 778 et omnia diligentibus iusticiam dei cooperantur
225 766 855 814 in bonum / Filia nostra / tua relatiua nomine
211 806 897 851 Mlada que et Maria / inter ceteras abnega¬
226 844 844 891 ndas peticiones cordi nostro dulces intulit
225 881 857 925 ex parte tui preces / scilicet ut nostro assensu
225 922 852 960 in tuo principatu ad laudem et gloriam dei ‧
226 959 864 997 Ecclesie liceret fieri Episcopatu quod nos utique leto
232 994 851 1030 animo suscipientes / deo grates retulimus /
220 1027 854 1064 qui suam ecclesiam semper et ubique dilatat et
222 1063 865 1100 manificat in omnibus naciobus / Vnde auctoritate
218 1103 850 1138 apostolica / et sancti petri principis apostolorum
225 1139 863 1175 poteste / cuius licet indigni tamen sumus uicarii
225 1172 908 1211 Annuimus et collaudamus atque canonizanius /
238 1201 871 1255 Vt quo ad ecclesiam sanctorum Viti et Wencze
220 1243 854 1283 slai martirum fiat sedes Episcopalis Ad ecclesiam
226 1278 857 1314 uero sancti Gerogii martiris sub regula
