1174 1674
95 863 215 1035 nomine
213 182 873 220 Imperator uisis eleccionis decreto et litteris dicti
234 220 864 252 ducis Bohemie / prefatim dithmarum pragensem
234 252 863 288 Episcopum approbauit / et mandauit magutinensi
229 285 886 324 archiepiscopo qui curie sue tunc prefuit ut eundem
222 318 874 356 dithmarum in Episcopum consecraret / qui iuxta
236 355 851 389 mandatum Imperatoris taliter consecratus pragam
237 385 877 422 ad ducem suum Boleslaum pium reuertitur / Et in¬
230 417 927 459 tronizatus ad ecclesiam sancti Viti pragensem Cathe¬
228 451 874 493 dralem presulatum suum rexit utiliter Et non post
236 483 870 528 multa tempora feciliter uitam finiuit Mortuus
232 518 839 559 est Anno domini DCCCC ‧LXIX‧ IIIIo Nonas
244 551 911 593 Ianuarii / et in ecclesia sua pragensi sepultus
379 631 837 670 Capitulum ‧xxiii‧ de secundo Episcopo
362 675 842 709 Pragensi sancto Adalberto
343 732 908 767 efuncto itaque primo Episcopo pragensi Dith¬
349 772 919 806 maro / sanctus Woytiech nacione Bohemus /
317 808 867 841 illustris Nam pater eius Slawnik
343 843 871 876 comes lubicensis / nobilis genere / uita
242 875 910 912 et moribus locuples ualde / et multas urbes
237 911 865 948 habens Qui eciam sanctus adalbertus matrem
235 945 918 986 habuit Stcezislauam / multuis pollentem uirtu¬
240 978 890 1022 tibus / Habuit eciam quinque frates / qui a nobilibus
249 1013 878 1060 sue pragensis diocesis in urbe lubicensi in odium
249 1054 890 1096 sancti ueri Adalberti crudeliter interfecti sunt / quorum
246 1088 919 1136 fuerunt nomina Sobebor ‧ Spytimir ‧ Bohraslaw ‧
234 1121 886 1174 Porzez ‧ et Saslaw Hy fratres sancti uiri una cum
233 1161 874 1210 patre et matre suis predicti sepulti sunt in
245 1201 888 1248 Ecclesia urbis eorum lubisch / prefatus uero
249 1243 884 1282 sanctus adalbertus in Subdyaconatus
245 1279 894 1315 existens ordine / exigentibus multis uirtutibus
