1129 1674
337 196 979 237 sanctum Cirillum inuenit / qui prius quon¬
328 240 978 285 dam Swatopluk regem Morauie
333 288 979 326 predictum / et totum regnum Morauie bapti¬
334 335 994 372 sauerat et ipsum sanctum Metidium post
331 386 959 424 se archiepiscopum ibidem dimiserat ‧
319 435 978 472 Ille beatus Cirillus Morauiam ad
321 485 993 523 fidem conuerterat / et multas alias Sla¬
318 536 988 579 wonicas  regiones ‧ Ipse eciam corpus
318 577 931 616 beati Clementis pape discipuli sancti
322 619 961 664 Petri apostoli / de marmorea acclesia / quam
316 657 965 712 angeli sibi olim in mari edificauerant iam
312 715 981 759 propter peccata hominum mari exsicato / corpus
336 768 989 814 sancti Clementis de tumba eius reci¬
310 812 948 859 piens / secum Morauiam attulit Et
308 858 970 915 demum cum de Morauia recederet iuit
310 908 965 960 Bohemiam corpus sancti Clementis
321 962 940 1010 secum portans Quod quidem sanctum
308 1003 982 1061 corpus in castro Wissegradensi in ecclesia beati
314 1053 987 1114 Clemensis per triennium conseruauit
293 1105 1019 1163 Deinde Romam adiit cum corpore supradicto
319 1156 946 1208 et ab apostolico impetrata licensia ecclesiam
295 1216 980 1259 fundauit in urbe Romana in honore beati
296 1273 1006 1313 Clementis ibique sancti Clementis cor¬
