1174 1674
183 193 847 238 Principes et Nobiles conseruos conuocat ipsos
199 241 915 289 oportunis exhortacionibus alloquitur et ammonet /
194 282 879 332 ut eciam abque tedio de uictoria securi pro¬
201 325 869 377 cedant et intendant uiriliter incepto labori
199 366 888 418 qui monitis Imperialibus animati ‧ linquentes ten¬
199 412 851 468 toria bohemiae densiores intrant in siluas
201 455 856 512 Et postquam aliquantum itineris duris laboribus
207 498 852 555 in earundem siluarum asperis prelustra¬
211 539 867 595 ssent et neminem sibi resistere persensi¬
223 581 876 638 ssent per insolitos montes et colles maximis
203 627 876 679 cum fatigis progredientes / ulterius dum iam
207 670 914 733 abrupta uiarum pericula euasisse sperabant /
203 713 891 778 restat ex solitudine et inconsweta uia labor
205 759 845 819 et quidam fortissimi milites uiribus fortem
203 809 891 870 in talibus cupiunt superare laborem non hosti¬
195 854 822 919 bus sed itineris deuio fatigati temporis eciam
199 902 856 960 exubertate calorem quietem et refrigerium
203 948 871 1009 petunt et sic multa ponderositate lassati cre¬
203 987 864 1052 dentes se hostium aduersitate securos arma
199 1029 892 1099 deponunt Et dum uelut inter pacatos fines
207 1080 877 1141 inopinatis euentibus inprouide se expo¬
203 1123 859 1194 nunt Accidit quod praefatus Bohemie dux qui cum
198 1165 856 1241 fidelibus populis suis ad defendendum terram suam
203 1214 806 1280 non sine ordine sapienter ut potuit¬
203 1263 869 1316 disposuerat facta sua senciens ex fatigis
191 1308 832 1351 et laboribus sicud praemittitur Imperatoris
