1103 1674
310 199 937 233 terre / uidelicet Polonia et Russia ‧ et erat caput
308 234 949 272 regni Morauie ciuitas Welegradensis Acci¬
302 271 947 311 dit autem eodem anno / quod rex Swatopluk  contra
301 308 934 352 dominum suum et compatrem Arnolffum im¬
301 345 946 390 peratorem iniuste arma mouisset. Quam¬
307 381 942 434 obrem idem imperator dominus et compater
310 430 987 484 suus / cum tota Germania ab una parte / et Hunis
312 479 967 531 siue Vngaris ab alia aduersus eum con¬
301 535 976 576 gregauit exercitum  Rex vero Swatopluk
307 592 956 624 uidens quod imperatori resistere non posset /
304 637 940 672 in campis in medio exercitus suis se
308 680 974 714 furtim abstulit / et secrete equum ascendens
305 727 930 759 abinde aufugit / et ueniens in quendam
299 773 974 804 locum in latere cuiusdam montis Sombor
298 815 963 850 nominati / in quo loco tres heremite pro tunc habita¬
294 856 981 892 bant ‧ Ipse uero Swatopluk rex ad finem
307 902 970 938 ut maneret incognitus equum suum interfecit /
302 941 908 976 et gladium humo abscondit ac dictos
296 983 925 1021 heremitas accedens ignotus / ab ipsis
308 1021 914 1063 in socium receptus / et coheremitam tonsus est
303 1063 919 1107 habitum assumpsit / et mansit ibidem cum
299 1106 932 1147 ipsis usque dum sensisset imminere ‧ sibi ‧ per¬
303 1153 919 1195 periculum mortis et horam Tunc rex pre¬
308 1201 952 1241 fatus primo eisdem heremitis manifesta¬
308 1250 954 1285 uit se quis esset / et postea subito decessit
303 1297 937 1331 Cuius regnum filii eius pauco tempore et
