1174 1674
245 188 887 223 se sepeliri precepit Et sic fortissimus inhostes
249 229 883 261 seuit / et omnibus interfectis suis uictor extitit
241 273 901 306 Et in eodem bello multis sauciatus plagenis mor¬
238 313 863 350 tuus est / et in dicto loco sepulus / qui locus
237 357 901 394 hodierna die nominatur Bustum robusti mi¬
236 406 878 444 litis Et sic ab alia parte omnes interfecti sunt /
244 453 898 490 illo solum exepto / qui ad informationem nouerce sue
244 501 921 543 de bello fugerat / qui etiam domum suam rediens /
245 547 907 580 inuenit mulierum sua mortuam esse / quam dum in¬
247 592 901 625 spexisset / comperit ipsam uulneratam in pectore /
250 644 911 682 et auribus carere / et recipiens de pera auriculas /
242 683 896 723 eiusdem uxoris sue fuisse reperiit eius
246 728 867 767 quidem quem in bello primum suum aduersarium
247 773 893 808 interfecerat Bohemi uero intrantes terram il¬
237 816 883 850 lam deuastauerunt eam / et destruxunt ci¬
242 861 894 897 uitates eius / nichil in ea penitus dimitten¬
246 907 884 943 tes / auferentes que ad eadem terra spolia multa
242 951 908 988 Et inter cetera inuenerent aput quandam uetulam
258 994 891 1029 filium dicti wlastislai Lucensis ducis / et attule¬
254 1039 863 1074 runt Neklan principi suo / qui pietate
250 1082 900 1116 motus super puero eum occidi noluit / sed ur¬
246 1129 907 1162 bem nomine Dragus in plano loco constru¬
245 1175 920 1213 ens super riparis fluui Ohrze / idest Egre
252 1223 898 1260 iuxta pagum postolopirt / ubi nunc est
242 1267 919 1310 cenobium sanctem marie uirginis / tradidit eudem
17 379 27 529 cum
