1103 1674
288 172 942 214 intrepide restituerunt Ipsa uero attendens quod
297 212 980 255 cunei armatarum feminarum eam absque medio
297 249 975 294 sequenter / cum sequacibus suis audacter irruit
301 292 941 335 in uiros Et ibi ipsa cum eis interfecta est in
297 342 942 376 prima acie Et cum alie feminarum turme huius¬
298 382 982 420 modi belli peruenissent ad locum / uidentes primam
297 432 958 465 aciem debellatam / uercordes effecte sunt  Quas
298 476 952 509 uiri uiriliter insequentes conuerterunt in fugam
297 514 959 554 Et eas persequentes usque Castrum Diewin Et
308 559 948 596 cum eis in Castrum ‧ quotquot inuenerunt gladio
304 602 965 635 necauerunt Et sic fatua gwerra feminarum in
287 642 982 674 Bohemia defecit Septem autem annis regnauerunt
297 683 1003 719 femine in Bohemia Sed multis honestis matro¬
310 723 983 759 nis ‧ uirginibus ‧ et mulieribus ista displicebant ‧ et
302 769 986 803 detestabantur enorminatas earum / quibus nullus
313 805 1022 847 imputet sapiens prefatarum furiosam uesaniam
790 850 975 885 mulierum.
451 888 971 921 Capitullum XI De successione generacionis
466 929 980 966 Prziemysl primi principis Bohemie
375 981 993 1022 Prziemysl princeps primus et magnus ua¬
370 1027 998 1065 tes ‧ cum per multa tempora rexisset populum Bo¬
397 1068 981 1104 hemicum mortuus est Cui successit filius
297 1109 993 1143 suus Nezamysl / quod nomen Nezamysl
307 1150 1007 1184 nihil excogitans interpretatur / Ipse enim nihil exco¬
296 1186 998 1224 gitavit noui sed in lege paterna mansit die¬
297 1228 959 1267 bus uite sue / in pacemque rexit populum suum
288 1258 1011 1303 Cuius filius Mnata sibi successit et in pacemque
116 491 243 649 intrantes
