1174 1674
211 193 856 232 minus feliciter tenuerunt Nam filius suus qui
223 231 874 278 regnum post eum gubernauit / semel die
215 269 837 328 festiuo uolens uenari prope ciuitatem
215 309 877 372 Welgradensem in silua / que Greczen uocatur /
223 351 869 415 intimauit archiepiscopo Sancto Metudio ut
227 401 863 454 ipsum cum missa Solempni expectaret /
212 448 877 498 quousque rediret  Qui beatus archiepiscopus
222 488 885 541 expectauit usque prope meridiem / et cum timu¬
222 540 848 590 isset negligi diuinum officium / missam
218 586 867 641 celebrauit / rege minime expectanto Rex
216 635 871 686 autem cum a uenacione uenisset et audisset quod
212 683 867 731 archiepiscopus missam celebraret / et iam
218 727 842 776 corpus dominicum consecrasset / indignatus
215 774 867 822 cum canibus et uenatoribus ecclesiam intrans
220 822 893 868 fecit magnum sonitum et tumultum cum tubis
221 863 867 917 uenatorum et latratu canum Sicque usque ad
230 904 873 959 altare uenit derisit archiepiscopum sanctum
221 954 861 1008 Metudium / et recessit de ecclesia supradicta /
223 1005 885 1050 Ob quem despectum et blasfemiam finita
218 1046 901 1096 missa archiepiscopus excommunicauit dictum regem
225 1090 902 1137 et posuit interdictum et anathema per totum
218 1143 875 1189 regnum Morauie Et hoc facto se recepit
225 1191 872 1235 Bohemiam ad ducem Borzywoy quem bapti¬
215 1243 921 1278 zauerat Quem tunc eciam in fide confirmans
221 1290 874 1328 ab inde iuit Romam / ubi fratrem suum
