1145 1667
311 173 938 232 et sanctis operibus suis / per Boleslaum pium ducem
307 212 944 268 Bohemie / et clerum pragensem quasi coactus in Episcopum
314 246 951 309 elegitur et / mittitur per eos ad Ottonem Imper¬
301 287 966 343 atorem filium Ottonis primi / qui tunc fuit in Ciui¬
307 324 956 376 tate veronensi / et eum in Episcopum approbaret
306 357 945 412 qui Imperator peticioni eorum consenciens ipsum
302 395 977 449 Maguntino Archiepiscopo direxit in Episcopum
308 435 958 487 consecrandum Et taliter consecratus ab eo induccione
306 470 967 524 Alberti Magdeburgensis archiepiscopi tunc presentis
306 508 935 557 sibi nomen imponitur Adalbertus quasi alter
304 542 992 594 albertus tunc archiepiscopi magdeburgensis alberti
300 579 931 629 equiuocus et consocius Hic Beatus Adalbertus
306 617 996 664 Secundus pragensis Episcopus / sanctissimam uitam duxit /
306 655 982 697 quomodo et qualiter hec in legenda uita et passione
311 693 948 736 sua ad plenum uidere potuerunt Qui Beatus
308 729 951 769 Adalbertus postquam sensisset incredulitatem
301 763 966 807 et duriciam plebis sibi commisse / plus uoluit
317 799 1009 846 se saluare quam una cum ipsis altissimo displicere
303 839 940 884 Deliberauitque dimissa ecclesia et grege suo
296 875 947 921 Romam adire Et cum iter aripere uellet
304 909 937 957 casu contigit quod Straquas frater pii Boleslay
300 945 945 996 ducis Bohemie / ad cuius natale sanctus
294 978 943 1031 Venczeslaus olim inuitatus per fratrem
304 1015 998 1065 suum Boleslaum Seuem / de quo super est mencio
294 1051 945 1103 martirium subiit / De ratispana ueniens /
302 1086 965 1136 in qua Ciuitate Ratisponensi idem Stracquas
293 1122 951 1170 dudum ante in monasterio sancti Emerami ordinis
307 1154 956 1211 sancti Benedicti habitum monachale assumpsit /
297 1190 940 1240 de licencia Abbatis sui pragam uenit
312 1226 977 1277 ad dictum fratrum suum ducem bohenie Boleslaum
287 1271 933 1310 Quem Straquas monachum dum sanctus
