1103 1674
296 180 983 215 nomine nuncupatur / Deinde pessime puelle
297 218 970 255 prefate duxerunt dictum Stirad ante Ca¬
303 260 964 296 strum Wyssegradensis in conspectu principis
283 304 961 339 Prziemysl et eum crudeliter rote suppli¬
294 350 605 381 cio necauerunt /
505 399 968 436 Capitulum  ‧X‧ de inhumana feminarum
500 435 971 471 seuicia / quam in uiros exercebant
500 468 976 505 Et qualiter earum infaustum regimen
500 501 872 536 in Boemia exspirauit
396 541 975 578 um itaque iam nullum amplius ha¬
403 581 971 619 berent femine potens obstaculum / conuo¬
335 615 965 664 cauerunt omnes maiores inter eas /
286 662 964 704 et edictum fecerunt / Quod omnes masculus statim
295 703 962 753 dum nasceretur in mundum pollice truncaretur
290 747 1038 788 Et similiter sentencie orbacionis dextri oculi sub¬
291 792 1004 829 iaceret / ut absciso pollice uibrare gladium im¬
290 834 985 872 potens existeret / et etiam oculo priuato / ad omnem
289 881 1011 916 defensionem et inuasionem redderetur ineptus In¬
299 925 1018 961 super statuerunt ut earum quelibet uirilibus am¬
286 973 1000 1010 plexibus pro sue uoluntatis libito / uti pos¬
307 1021 975 1054 set / Et ad modum prout olim amasiones ad
295 1061 999 1101 beneplacitum suum in regno Sabba uiros tra¬
291 1107 987 1146 ducere consueuerunt Quas sententias et e¬
297 1148 997 1187 dicta / uiri pro tunc superstites audientes / re¬
285 1190 1011 1227 currebant ad Prziemysl principem suum / pe¬
283 1233 943 1267 tentes eius desuper consilium et iuuamen
