1148 1674
295 181 966 226 promisit et fecit Erat etiam eodem tempore quedam
306 221 982 264 mulier phitonissa / que Neklan duci Bohemie
298 264 947 308 et gentibus suis consuluit / ut placerent deos
300 307 980 353 per imolationi asini / quem persuasit interfici / et
308 355 934 396 in multas diuidi pecias / atque ab uniuerso
308 402 985 440 exercitu sic consumi / quod ad persuasionem mulieris
309 448 989 488 factum est Interea idem dux Bohemorum Neklan
302 487 941 534 ab nimiam pusillanimitatem / nec bello
306 534 957 580 interesse / nec etiam certari uide ausus / uocauit
306 578 926 626 ad se secrete quemdam militem suum nomine
300 625 945 668 Sder / probum  ‧ bellicosum  ‧ et fortem Illum que
310 667 968 709 armis suis paucis scientibus induit / et ipsum
316 714 983 752 super equo suo posuit iniungens sibi quod aduersus
297 755 990 803 hostes in persona sua bellaret / suosque ad pu¬
303 801 952 855 gnam precederet  Quod ille gratanter facere promi¬
318 850 956 902 sit et fecit / Precessit que exercitum suum / et uenit
314 902 972 950 ad campum condictum / prior cum suis ad quemdam
314 950 970 997 collem eminentem in medio campi Dux uero
320 1001 973 1047 Wlastislaus similiter uenit ab alia parte cum exer
321 1040 987 1092 citu suo / et solutis uolatilibus cum eorum mul¬
308 1087 967 1136 titudine aerem impleuerunt / Deinde inter se
307 1137 972 1179 bellare incipiunt Et quidem qui sub armis et
302 1183 1004 1226 persona Neklan ducis sui ad bellandum uenerat/
323 1226 949 1268 suos ut fortiter se defenderent admonuit / et si
310 1271 968 1317 contingeret eum interfici / in colle eiusdem campi
144 1069 241 1221 miletem
