1174 1674
237 179 905 216 Styrad prefatus predictum peruenisset ad lo¬
238 211 908 255 cum ‧ puella ligata uociferans exclamat
238 255 917 295 Mi domine En crudeles huius terre puel¬
232 300 913 339 le / ex eo quod earum nolui consorcio adherere ‧
234 348 909 384 me istam impie ligauerunt ad arborem
233 396 906 434 Te tuam ut me soluas earum emanibus
234 440 939 474 moneo probitatem Nam audito tuo poten¬
237 489 906 524 ti transitu fugierunt ex metu / et sic sola diris
239 534 880 572 crucior ligaturis Dictus autem ‧ Stirad misericordiam
237 573 914 616 motus  ‧  suo descendit ab equo Et eam disligans
239 615 881 661 compaciendo sibi spondebat quod ipsam ad
233 659 881 703 parentes eius reducent ‧  prout ipsa rogabat
240 705 892 747 Que taliter liberata rogauit eum callide / ut
237 747 936 790 parum quiesceret / et de apposito medone pota¬
239 792 934 835 ret Quo facto rogauit ‧ ut tubam ibi re¬
233 836 910 882 pertam solaciose sufflaret Qui recipiens
239 882 899 934 tubam intonuit Et sic femine que erant
233 927 901 974 in abscondito / resciuerunt dictum Stirad iam
226 970 921 1015 prout conceperant aduenisse Et statim super ipsum
242 1016 936 1066 irruerunt / et homines quoslibet occiderunt ‧  Ipsum¬
241 1061 877 1108 que Stirad captiuum ad propria reduxerunt
243 1099 889 1148 In dicta uero stricta ualle / auditi sunt illa
231 1144 922 1193 hora multi demones / ridere de magna malicia
237 1192 912 1229 puelle Ssarka et complicum eius Et ideo
241 1233 928 1266 dicta uallis sita retro Brewnowiense ceno¬
225 1266 897 1299 bium hodierna die Ssarka a dicte puelle
111 101 209 255 Cztirad
