1174 1674
223 203 896 236 de suis gentibus habens in statura ultra lon¬
232 239 876 276 gitudinem gladii / et iussus non ueniret ad
236 284 870 322 pugnam / capite truncaretur Deinde suos hiis
241 328 893 369 uerbis allocutus est / o milites quibus ultima
234 372 890 413 in manibus est uictoria / olim non semel ui¬
237 416 891 459 cistis / iam actum agitis Non opus est armis
235 465 898 505 aut arma ad speciem militie iam portari / sed po¬
239 510 897 548 cius falcones  ‧ nisos  ‧ et herodios  ‧ alia quod uolati¬
231 561 894 595 lum genera / que ad ludum et iocunditer pertinent uo¬
231 607 831 642 biscum tollite / quibus carnes nostrorum ‧ si
233 650 832 686 forte sufficient dabimus ad edendum Nam sine
231 697 870 731 dubio ad ubera matrum suarum catulos po¬
235 737 887 777 nam / et infelicites exterminabo uicinos Interea
243 784 868 817 quedam mulier habens priuignum flium / illum
246 827 889 865 sit alloquitur Scio Bohemorum gentem obtinere
239 870 468 901 debere uictoriam ad finem / ut tu solus possis
241 920 894 954 euadem / dabo tibi consilium primum quem in bello
241 967 900 999 aduersantem hostem habueris interfice / et abscisis
229 1012 908 1045 utrisque auribus eius / ipsas in peram tuam mitte /
239 1056 896 1089 et inter utrosque pedes equi in modi crucis
241 1102 902 1136 euaginato ense terram linire / Et hoc faciens
240 1141 920 1184 equum ascendas / et terga uertas retro nullatenus
242 1186 908 1226 respiciens / uix solus poteris evadere / aliis omni¬
241 1233 906 1270 bus interfectus Ille ueru sciens nouercam suam esse
241 1274 893 1319 plenam spiritu phitonico / hoc ipsum se facturum
890 579 1034 650 inimicorum
907 670 1078 744 loco filiorum
