1129 1674
49 939 278 983 nimis honorati sunt
80 966 279 1001 amici tui deus ni
80 1000 286 1031 mis confortatus est
290 172 979 217 illustrauit / et captiuos liberauit Nam ue¬
298 219 937 264 hiculum cum sequacibus torrenta fluuiorum
307 254 942 298 Rokytincze et wltauie pertransiuit Terra
308 291 934 338 autem christi militi applaudens contremuit
313 328 939 373 aerque suauissini odorem de corpore suo
303 365 881 414 terennio humato emisit Et sic deus in sua
308 406 941 452 allacione per IIIIor elementa honorare eum
298 445 945 493 uoluit Et ita in optatam sue sepulture
296 484 941 529 felicem ecclesiam quam edificauerat abductum
300 524 945 570 corpus suum omnibus wlneribus sanatum est / preter
296 564 966 609 quam wulnere auricule quam frater manu sibi
307 603 979 646 propria absciderat / quam et soror sua przy¬
294 644 973 688 bislawa in Boleslawiensi ecclesia inter hostium
299 681 966 731 et limen in uentam post tremium suo capti quod
302 717 887 765 applicauit cum integritate sanitatis sic
320 752 946 796 in eo cicatrix uulneris nulla appareret
306 781 944 829 Aput gloriosissimum corpus ipsius tam in alla¬
297 820 933 863 cione quam eciam post sepulturam in pragensi
304 851 927 898 ecclesia per ipsius merita dominus multa miracula
304 887 934 934 in omnibus infirmitatibus operatus est et adhuc
291 926 963 977 in christi fidelibus operatur / sicut scriptum est principa¬
299 965 920 1018 tus eorum. Nam pre preces et merita eorum
316 1004 962 1058 siue ipsius / deus exaltauit et honorauit prin¬
297 1044 790 1093 cipatum suum, uidelicet Bohemorum
452 1117 994 1156 Capitulum ‧XIX‧ de miraculis sancti
458 1157 802 1197 Wenczelsay martiris
433 1201 949 1241 Memorie namque dignum putamus
443 1240 986 1289 describi ueritatem miraculorum predicti
385 1270 949 1316 sanctissimi martiris a deo
