1122 1674
295 186 942 232 Sepelire non possum Que audiens sanctus
308 225 991 269 adalbertus spiritu sancto plenus / aliam dicti Stra¬
306 264 957 308 quas esse mentem quam uerba cognoscens re¬
306 306 926 343 spondit / scias frater quod modo cum bona
306 340 969 380 uoluntate non facis / facies postea ad maximo
295 372 938 417 malo tuo Post hec prefatus sanctus Adalbertus
293 405 910 454 uidens se non posse proficere / dimissa
297 447 935 487 pragensi ecclesia cum grege commisso ‧ Romam
306 484 941 523 peciit / et apostolicum quid facturus esset
304 524 929 558 consuluit / papa audiens causam aduentus
316 559 942 591 sui / sibi dedit licenciam ut magis liceret
318 594 932 627 sibi sine anime sue periculo exulari / quam
308 629 1005 664 In ecclesia sibi commissa persisteret sine fructu /
302 666 966 702 Et sic ex indulto apostolico / sanctus adalbertus
299 701 966 740 deliberauerat ire Ierusalem / quod tamen perficere
306 737 933 780 non potuit / sed postquam non nulla religiosa
299 771 941 815 loca peregre uisitasset / reuersus est
295 806 1000 852 Romam / et stetit ibi cum beato gaudencio fratre
301 842 946 887 suo in Monasterio beati alexy / tandem quousque
293 877 954 920 Archepiscopus Maguntinensus conspiceret
301 917 965 957 Ecclesiam pragensem pastore carere / Et pleb¬
304 956 947 996 bem eius persistere in errore / idem archie¬
289 989 958 1036 piscopus Maguntinus pro reditu sancti uiri
299 1029 927 1071 adalberti ad apostolicum legatos mittit
297 1067 966 1109 et litteras / Papa habito consilio / sancto adalberto
293 1104 940 1147 respondit hec uerba / Fili si te audierint
294 1141 966 1190 oues tue / ibidem facito fructum bonum / si uero
304 1177 927 1229 te audier non uoluerunt declina ab eorum
299 1215 918 1266 consorciis / et alios cristo lucraris Sic que
293 1254 981 1295 data licencia pape / Sanctus Adalbertus Pra¬
297 1286 940 1321 gam reuertitur / et licet ibi aliquamdiu
