<?xml version="1.0" encoding="UTF-8" standalone="yes"?>
<PcGts xmlns="http://schema.primaresearch.org/PAGE/gts/pagecontent/2013-07-15" xmlns:xsi="http://www.w3.org/2001/XMLSchema-instance" xsi:schemaLocation="http://schema.primaresearch.org/PAGE/gts/pagecontent/2013-07-15 http://schema.primaresearch.org/PAGE/gts/pagecontent/2013-07-15/pagecontent.xsd">
    <Metadata>
        <Creator>prov=University of Rostock/Institute of Mathematics/CITlab|PLANET AI GmbH/Tobias Gruening/tobias.gruening@planet-ai.de:name=/net_tf/LA73_249_0mod360.pb:de.uros.citlab.segmentation.CITlab_LA_ML:v=2.6.7
Transkribus</Creator>
        <Created>2022-05-17T17:16:37.023+02:00</Created>
        <LastChange>2025-12-04T14:10:03.783+01:00</LastChange>
    </Metadata>
    <Page imageFilename="11421091_0079_104469736.jpg" imageWidth="1174" imageHeight="1674">
        <ReadingOrder>
            <OrderedGroup id="ro_1765532862795" caption="Regions reading order">
                <RegionRefIndexed index="0" regionRef="r1"/>
            </OrderedGroup>
        </ReadingOrder>
        <TextRegion orientation="0.0" id="r1" custom="readingOrder {index:0;}">
            <Coords points="197,208 197,1334 907,1334 907,208"/>
            <TextLine id="r1l1" custom="readingOrder {index:0;}">
                <Coords points="204,238 237,238 270,238 303,239 336,239 369,240 402,241 435,242 468,243 501,244 535,246 568,247 601,249 634,250 667,251 700,252 733,252 766,253 799,253 832,253 866,253 866,223 832,223 799,223 766,223 733,222 700,222 667,221 634,220 601,219 568,217 535,216 501,214 468,213 435,212 402,211 369,210 336,209 303,209 270,208 237,208 204,208"/>
                <Baseline points="204,228 237,228 270,228 303,229 336,229 369,230 402,231 435,232 468,233 501,234 535,236 568,237 601,239 634,240 667,241 700,242 733,242 766,243 799,243 832,243 866,243"/>
                <TextEquiv>
                    <Unicode>uocatur fratris beati martiris supradicti Et</Unicode>
                </TextEquiv>
            </TextLine>
            <TextLine id="r1l2" custom="readingOrder {index:1;}">
                <Coords points="215,286 246,284 277,283 308,282 339,281 370,281 401,282 433,283 464,284 495,285 526,286 557,287 588,289 619,290 651,291 682,292 713,294 744,294 775,295 806,295 838,295 838,265 806,265 775,265 744,264 713,264 682,262 651,261 619,260 588,259 557,257 526,256 495,255 464,254 433,253 401,252 370,251 339,251 308,252 277,253 246,254 215,256"/>
                <Baseline points="215,276 246,274 277,273 308,272 339,271 370,271 401,272 433,273 464,274 495,275 526,276 557,277 588,279 619,280 651,281 682,282 713,284 744,284 775,285 806,285 838,285"/>
                <TextEquiv>
                    <Unicode>ibidem in alia ecclesia corpora sanctorum</Unicode>
                </TextEquiv>
            </TextLine>
            <TextLine id="r1l3" custom="readingOrder {index:2;}">
                <Coords points="213,327 247,326 282,325 317,324 351,324 386,325 421,326 455,327 490,328 525,330 560,332 594,334 629,335 664,337 698,338 733,340 768,340 802,341 837,341 872,340 907,339 907,309 872,310 837,311 802,311 768,310 733,310 698,308 664,307 629,305 594,304 560,302 525,300 490,298 455,297 421,296 386,295 351,294 317,294 282,295 247,296 213,297"/>
                <Baseline points="213,317 247,316 282,315 317,314 351,314 386,315 421,316 455,317 490,318 525,320 560,322 594,324 629,325 664,327 698,328 733,330 768,330 802,331 837,331 872,330 907,329"/>
                <TextEquiv>
                    <Unicode>quinque fratrum Benedicti ‧ Isaac ‧ Mathei ‧ Iohannis ‧ </Unicode>
                </TextEquiv>
            </TextLine>
            <TextLine id="r1l4" custom="readingOrder {index:3;}">
                <Coords points="214,371 246,369 279,368 311,367 344,366 377,367 409,367 442,368 475,369 507,370 540,372 573,374 605,375 638,377 671,379 703,380 736,381 769,382 801,383 834,383 867,383 867,353 834,353 801,353 769,352 736,351 703,350 671,349 638,347 605,345 573,344 540,342 507,340 475,339 442,338 409,337 377,337 344,336 311,337 279,338 246,339 214,341"/>
                <Baseline points="214,361 246,359 279,358 311,357 344,356 377,357 409,357 442,358 475,359 507,360 540,362 573,364 605,365 638,367 671,369 703,370 736,371 769,372 801,373 834,373 867,373"/>
                <TextEquiv>
                    <Unicode>et Cristini / de quibus supra fit mencio</Unicode>
                </TextEquiv>
            </TextLine>
            <TextLine id="r1l5" custom="readingOrder {index:4;}">
                <Coords points="208,418 241,415 274,412 308,409 341,408 375,407 408,407 442,407 475,409 509,410 542,411 575,413 609,414 642,416 676,417 709,419 743,420 776,421 810,422 843,422 877,422 877,392 843,392 810,392 776,391 743,390 709,389 676,387 642,386 609,384 575,383 542,381 509,380 475,379 442,377 408,377 375,377 341,378 308,379 274,382 241,385 208,388"/>
                <Baseline points="208,408 241,405 274,402 308,399 341,398 375,397 408,397 442,397 475,399 509,400 542,401 575,403 609,404 642,406 676,407 709,409 743,410 776,411 810,412 843,412 877,412"/>
                <TextEquiv>
                    <Unicode>praefatus bohemie dux obtinuit Similiter </Unicode>
                </TextEquiv>
            </TextLine>
            <TextLine id="r1l6" custom="readingOrder {index:5;}">
                <Coords points="212,463 243,459 274,456 305,454 336,452 367,451 398,450 430,450 461,450 492,451 523,452 554,453 585,454 616,455 648,456 679,458 710,459 741,460 772,461 803,461 835,462 835,432 803,431 772,431 741,430 710,429 679,428 648,426 616,425 585,424 554,423 523,422 492,421 461,420 430,420 398,420 367,421 336,422 305,424 274,426 243,429 212,433"/>
                <Baseline points="212,453 243,449 274,446 305,444 336,442 367,441 398,440 430,440 461,440 492,441 523,442 554,443 585,444 616,445 648,446 679,448 710,449 741,450 772,451 803,451 835,452"/>
                <TextEquiv>
                    <Unicode>quandam crucem auream magni ponderis</Unicode>
                </TextEquiv>
            </TextLine>
            <TextLine id="r1l7" custom="readingOrder {index:6;} add {offset:32; length:1;}">
                <Coords points="212,508 246,505 281,502 315,500 350,498 384,497 419,497 453,497 488,497 522,498 557,499 591,500 626,502 660,504 695,505 729,507 764,509 798,511 833,513 867,514 902,516 902,486 867,484 833,483 798,481 764,479 729,477 695,475 660,474 626,472 591,470 557,469 522,468 488,467 453,467 419,467 384,467 350,468 315,470 281,472 246,475 212,478"/>
                <Baseline points="212,498 246,495 281,492 315,490 350,488 384,487 419,487 453,487 488,487 522,488 557,489 591,490 626,492 660,494 695,495 729,497 786,509 786,483 789,507 903,518"/>
                <TextEquiv>
                    <Unicode>quam quondam Mezko dux polonie obtulerat /</Unicode>
                </TextEquiv>
            </TextLine>
            <TextLine id="r1l8" custom="readingOrder {index:7;}">
                <Coords points="214,550 248,547 283,546 317,544 352,543 386,543 421,543 455,543 490,544 524,545 559,546 594,547 628,548 663,550 697,551 732,552 766,554 801,555 835,556 870,557 905,558 905,528 870,527 835,526 801,525 766,524 732,522 697,521 663,520 628,518 594,517 559,516 524,515 490,514 455,513 421,513 386,513 352,513 317,514 283,516 248,517 214,520"/>
                <Baseline points="214,540 248,537 283,536 317,534 352,533 386,533 421,533 455,533 490,534 524,535 559,536 594,537 628,538 663,540 697,541 732,542 766,544 801,545 835,546 870,547 905,548"/>
                <TextEquiv>
                    <Unicode>et quandam thabulam auream ponderis CCC</Unicode>
                </TextEquiv>
            </TextLine>
            <TextLine id="r1l9" custom="readingOrder {index:8;}">
                <Coords points="210,589 243,587 276,585 309,584 342,583 375,583 408,583 442,583 475,584 508,585 541,586 574,587 607,589 640,590 674,592 707,593 740,595 773,596 806,598 839,599 873,600 873,570 839,569 806,568 773,566 740,565 707,563 674,562 640,560 607,559 574,557 541,556 508,555 475,554 442,553 408,553 375,553 342,553 309,554 276,555 243,557 210,559"/>
                <Baseline points="210,579 243,577 276,575 309,574 342,573 375,573 408,573 442,573 475,574 508,575 541,576 574,577 607,579 640,580 674,582 707,583 740,585 773,586 806,588 839,589 873,590"/>
                <TextEquiv>
                    <Unicode>libris auri / et multa alia praeciosissima </Unicode>
                </TextEquiv>
            </TextLine>
            <TextLine id="r1l10" custom="readingOrder {index:9;}">
                <Coords points="206,632 237,631 269,630 301,628 333,628 365,627 396,627 428,627 460,628 492,629 524,630 555,631 587,632 619,634 651,636 683,638 714,639 746,642 778,644 810,647 842,649 842,619 810,617 778,614 746,612 714,609 683,608 651,606 619,604 587,602 555,601 524,600 492,599 460,598 428,597 396,597 365,597 333,598 301,598 269,600 237,601 206,602"/>
                <Baseline points="206,622 237,621 269,620 301,618 333,618 365,617 396,617 428,617 460,618 492,619 524,620 555,621 587,622 619,624 651,626 683,628 714,629 746,632 778,634 810,637 842,639"/>
                <TextEquiv>
                    <Unicode>ornamenta recepit Et cum reuerencia </Unicode>
                </TextEquiv>
            </TextLine>
            <TextLine id="r1l11" custom="readingOrder {index:10;}">
                <Coords points="204,677 235,676 267,675 298,675 330,674 362,674 393,674 425,674 456,674 488,675 520,675 551,676 583,677 614,678 646,679 678,680 709,682 741,683 772,685 804,687 836,689 836,659 804,657 772,655 741,653 709,652 678,650 646,649 614,648 583,647 551,646 520,645 488,645 456,644 425,644 393,644 362,644 330,644 298,645 267,645 235,646 204,647"/>
                <Baseline points="204,667 235,666 267,665 298,665 330,664 362,664 393,664 425,664 456,664 488,665 520,665 551,666 583,667 614,668 646,669 678,670 709,672 741,673 772,675 804,677"/>
                <TextEquiv>
                    <Unicode>digna bohemiam apportauit Et dum circa </Unicode>
                </TextEquiv>
            </TextLine>
            <TextLine id="r1l12" custom="readingOrder {index:11;}">
                <Coords points="209,722 240,724 271,724 303,725 334,725 365,725 397,725 428,725 459,725 491,724 522,724 553,724 585,724 616,724 647,723 679,724 710,724 741,724 773,725 804,727 836,728 836,698 804,697 773,695 741,694 710,694 679,694 647,693 616,694 585,694 553,694 522,694 491,694 459,695 428,695 397,695 365,695 334,695 303,695 271,694 240,694 209,692"/>
                <Baseline points="209,712 240,714 271,714 303,715 334,715 365,715 397,715 428,715 459,715 491,714 522,714 553,714 585,714 616,714 647,713 679,714 710,714 741,714 773,715 804,717 836,718"/>
                <TextEquiv>
                    <Unicode>riuulum Roketnik pragam applicuisset</Unicode>
                </TextEquiv>
            </TextLine>
            <TextLine id="r1l13" custom="readingOrder {index:12;}">
                <Coords points="207,765 238,765 269,765 300,765 332,765 363,766 394,767 425,768 457,768 488,770 519,771 550,772 582,773 613,774 644,775 675,775 707,776 738,776 769,776 800,776 832,775 832,745 800,746 769,746 738,746 707,746 675,745 644,745 613,744 582,743 550,742 519,741 488,740 457,738 425,738 394,737 363,736 332,735 300,735 269,735 238,735 207,735"/>
                <Baseline points="207,755 238,755 269,755 300,755 332,755 363,756 394,757 425,758 457,758 488,760 519,761 550,762 582,763 613,764 644,765 675,765 707,766 738,766 769,766 800,766 832,765"/>
                <TextEquiv>
                    <Unicode>tam dux quam clerus et populus uniuersus  </Unicode>
                </TextEquiv>
            </TextLine>
            <TextLine id="r1l14" custom="readingOrder {index:13;}">
                <Coords points="203,810 236,810 269,810 303,810 336,811 370,812 403,812 437,813 470,814 504,816 537,816 570,818 604,819 637,820 671,821 704,822 738,823 771,824 805,824 838,824 872,824 872,794 838,794 805,794 771,794 738,793 704,792 671,791 637,790 604,789 570,788 537,786 504,786 470,784 437,783 403,782 370,782 336,781 303,780 269,780 236,780 203,780"/>
                <Baseline points="203,800 236,800 269,800 303,800 336,801 370,802 403,802 437,803 470,804 504,806 537,806 570,808 604,809 637,810 671,811 704,812 738,813 771,814 805,814 838,814 872,814"/>
                <TextEquiv>
                    <Unicode>tantis praeciosissimis reliquys processio¬ </Unicode>
                </TextEquiv>
            </TextLine>
            <TextLine id="r1l15" custom="readingOrder {index:14;}">
                <Coords points="213,856 245,855 277,856 309,856 341,857 373,858 405,859 437,860 469,861 501,863 533,864 565,866 597,867 629,869 661,870 693,871 725,872 757,873 789,873 821,873 854,873 854,843 821,843 789,843 757,843 725,842 693,841 661,840 629,839 597,837 565,836 533,834 501,833 469,831 437,830 405,829 373,828 341,827 309,826 277,826 245,825 213,826"/>
                <Baseline points="213,846 245,845 277,846 309,846 341,847 373,848 405,849 437,850 469,851 501,853 533,854 565,856 597,857 629,859 661,860 693,861 725,862 757,863 789,863 821,863 854,863"/>
                <TextEquiv>
                    <Unicode>natim obuiam facientes / et cum magna </Unicode>
                </TextEquiv>
            </TextLine>
            <TextLine id="r1l16" custom="readingOrder {index:15;}">
                <Coords points="203,902 237,902 272,903 306,904 341,904 375,905 410,906 444,908 479,908 513,910 548,911 582,913 617,914 651,915 686,916 720,917 755,918 789,918 824,919 858,920 893,920 893,890 858,890 824,889 789,888 755,888 720,887 686,886 651,885 617,884 582,883 548,881 513,880 479,878 444,878 410,876 375,875 341,874 306,874 272,873 237,872 203,872"/>
                <Baseline points="203,892 237,892 272,893 306,894 341,894 375,895 410,896 444,898 479,898 513,900 548,901 582,903 617,904 651,905 686,906 720,907 755,908 789,908 824,909 858,910 893,910"/>
                <TextEquiv>
                    <Unicode>leticia in pragensem portantes ecclesiam ‧ honori¬ </Unicode>
                </TextEquiv>
            </TextLine>
            <TextLine id="r1l17" custom="readingOrder {index:16;}">
                <Coords points="205,946 237,948 270,949 303,950 335,951 368,952 401,952 433,953 466,955 499,956 532,957 564,958 597,959 630,961 662,962 695,963 728,965 760,967 793,969 826,971 859,973 859,943 826,941 793,939 760,937 728,935 695,933 662,932 630,931 597,929 564,928 532,927 499,926 466,925 433,923 401,922 368,922 335,921 303,920 270,919 237,918 205,916"/>
                <Baseline points="205,936 237,938 270,939 303,940 335,941 368,942 401,942 433,943 466,945 499,946 532,947 564,948 597,949 630,951 662,952 695,953 728,955 760,957 793,959 826,961 859,963"/>
                <TextEquiv>
                    <Unicode>fice recondiderunt ut decuit ‧ facta est</Unicode>
                </TextEquiv>
            </TextLine>
            <TextLine id="r1l18" custom="readingOrder {index:17;}">
                <Coords points="209,991 240,991 271,992 303,992 334,993 366,995 397,996 428,998 460,999 491,1001 523,1003 554,1004 585,1006 617,1007 648,1009 680,1010 711,1010 742,1011 774,1011 805,1011 837,1010 837,980 805,981 774,981 742,981 711,980 680,980 648,979 617,977 585,976 554,974 523,973 491,971 460,969 428,968 397,966 366,965 334,963 303,962 271,962 240,961 209,961"/>
                <Baseline points="209,981 240,981 271,982 303,982 334,983 366,985 397,986 428,988 460,989 491,991 523,993 554,994 585,996 617,997 648,999 680,1000 711,1000 742,1001 774,1001 805,1001 837,1000"/>
                <TextEquiv>
                    <Unicode>autem hec translacio sanctarum reliquiarum </Unicode>
                </TextEquiv>
            </TextLine>
            <TextLine id="r1l19" custom="readingOrder {index:18;}">
                <Coords points="203,1030 235,1033 268,1035 300,1036 333,1038 365,1039 398,1040 430,1042 463,1043 495,1044 528,1046 560,1047 593,1049 625,1050 658,1052 690,1054 723,1057 755,1060 788,1063 820,1067 853,1070 853,1040 820,1037 788,1033 755,1030 723,1027 690,1024 658,1022 625,1020 593,1019 560,1017 528,1016 495,1014 463,1013 430,1012 398,1010 365,1009 333,1008 300,1006 268,1005 235,1003 203,1000"/>
                <Baseline points="203,1020 235,1023 268,1025 300,1026 333,1028 365,1029 398,1030 430,1032 463,1033 495,1034 528,1036 560,1037 593,1039 625,1040 658,1042 690,1044 723,1047 755,1050 788,1053 820,1057 853,1060"/>
                <TextEquiv>
                    <Unicode>huiusmodi Anno domini millesimo XXX </Unicode>
                </TextEquiv>
            </TextLine>
            <TextLine id="r1l20" custom="readingOrder {index:19;}">
                <Coords points="197,1078 223,1079 249,1080 275,1080 301,1081 327,1081 353,1082 379,1083 405,1084 431,1084 457,1085 483,1085 509,1085 535,1085 561,1085 587,1085 614,1084 614,1054 587,1055 561,1055 535,1055 509,1055 483,1055 457,1055 431,1054 405,1054 379,1053 353,1052 327,1051 301,1051 275,1050 249,1050 223,1049 197,1048"/>
                <Baseline points="197,1068 223,1069 249,1070 275,1070 301,1071 327,1071 353,1072 379,1073 405,1074 431,1074 457,1075 483,1075 509,1075 535,1075 561,1075 587,1075 608,1063"/>
                <TextEquiv>
                    <Unicode>Kalendis septembris IXo</Unicode>
                </TextEquiv>
            </TextLine>
            <TextLine id="r1l21" custom="readingOrder {index:20;}">
                <Coords points="402,1163 428,1162 454,1161 480,1160 506,1159 532,1158 559,1157 585,1157 611,1156 637,1156 663,1155 689,1156 716,1156 742,1156 768,1158 794,1159 820,1161 846,1163 873,1166 873,1136 846,1133 820,1131 794,1129 768,1128 742,1126 716,1126 689,1126 663,1125 637,1126 611,1126 585,1127 559,1127 532,1128 506,1129 480,1130 454,1131 428,1132 402,1133"/>
                <Baseline points="402,1153 428,1152 454,1151 480,1150 506,1149 532,1148 559,1147 585,1147 611,1146 637,1146 663,1145 689,1146 716,1146 742,1146 768,1148 794,1149 820,1151 846,1153 873,1156"/>
                <TextEquiv>
                    <Unicode>Capitulum XXXIIII de ulterio¬ </Unicode>
                </TextEquiv>
            </TextLine>
            <TextLine id="r1l22" custom="readingOrder {index:21;}">
                <Coords points="412,1206 437,1207 463,1207 488,1207 514,1207 539,1207 565,1207 590,1207 616,1207 641,1207 667,1207 692,1207 718,1208 743,1209 769,1210 794,1212 820,1214 846,1216 846,1186 820,1184 794,1182 769,1180 743,1179 718,1178 692,1177 667,1177 641,1177 616,1177 590,1177 565,1177 539,1177 514,1177 488,1177 463,1177 437,1177 412,1176"/>
                <Baseline points="412,1196 437,1197 463,1197 488,1197 514,1197 539,1197 565,1197 590,1197 616,1197 641,1197 667,1197 692,1197 718,1198 743,1199 769,1200 794,1202 820,1204 846,1206"/>
                <TextEquiv>
                    <Unicode>ribus successibus Brzetislay</Unicode>
                </TextEquiv>
            </TextLine>
            <TextLine id="r1l23" custom="readingOrder {index:22;}">
                <Coords points="402,1246 427,1246 453,1247 478,1248 504,1249 529,1250 555,1250 580,1251 606,1252 631,1252 657,1253 682,1254 708,1255 733,1255 759,1256 784,1257 810,1258 835,1260 861,1261 887,1262 887,1232 861,1231 835,1230 810,1228 784,1227 759,1226 733,1225 708,1225 682,1224 657,1223 631,1222 606,1222 580,1221 555,1220 529,1220 504,1219 478,1218 453,1217 427,1216 402,1216"/>
                <Baseline points="402,1236 427,1236 453,1237 478,1238 504,1239 529,1240 555,1240 580,1241 606,1242 631,1242 657,1243 682,1244 708,1245 733,1245 759,1246 784,1247 810,1248 835,1250 861,1251 887,1252"/>
                <TextEquiv>
                    <Unicode>ducis bohemie supradicti</Unicode>
                </TextEquiv>
            </TextLine>
            <TextLine id="r1l24" custom="readingOrder {index:23;}">
                <Coords points="406,1284 431,1286 457,1287 482,1288 508,1289 533,1290 559,1291 584,1292 610,1293 636,1294 661,1294 687,1295 712,1296 738,1297 763,1298 789,1299 814,1301 840,1302 866,1304 866,1274 840,1272 814,1271 789,1269 763,1268 738,1267 712,1266 687,1265 661,1264 636,1264 610,1263 584,1262 559,1261 533,1260 508,1259 482,1258 457,1257 431,1256 406,1254"/>
                <Baseline points="406,1274 431,1276 457,1277 482,1278 508,1279 533,1280 559,1281 584,1282 610,1283 636,1284 661,1284 687,1285 712,1286 738,1287 763,1288 789,1289 814,1291 840,1292 866,1294"/>
                <TextEquiv>
                    <Unicode> at quomodo pape delatus fuit propter </Unicode>
                </TextEquiv>
            </TextLine>
            <TextLine id="r1l25" custom="readingOrder {index:24;}">
                <Coords points="399,1323 425,1324 452,1325 478,1326 505,1327 531,1328 558,1330 584,1331 611,1332 637,1333 664,1333 690,1334 717,1333 743,1333 770,1332 797,1330 797,1300 770,1302 743,1303 717,1303 690,1304 664,1303 637,1303 611,1302 584,1301 558,1300 531,1298 505,1297 478,1296 452,1295 425,1294 399,1293"/>
                <Baseline points="399,1313 425,1314 452,1315 478,1316 505,1317 531,1318 558,1320 584,1321 611,1322 637,1323 664,1323 690,1324 717,1323 743,1323 770,1322 819,1327"/>
                <TextEquiv>
                    <Unicode>translationem sancti adalberti</Unicode>
                </TextEquiv>
            </TextLine>
        </TextRegion>
    </Page>
</PcGts>
