1174 1674
217 199 863 242 auri cupiditate seductus Imperales nunccios
209 241 879 282 et litteras praefato duci bohemie destinauit / ma¬
219 282 860 327 ndans quod thezaurum quem pridem in polonia
217 319 827 370 receperat uel infra statutum terminum ad
215 368 896 415 plenum redderat / uel Imperatorem cum potencia
211 412 919 462 exercitus hunc ab eo extorquendum adesse sentiret /
207 453 884 505 Quod audiens et intelligens Brzetislaus
210 489 860 545 bohemie dux Imperatori in hunc modum re¬
215 532 841 587 spondit Inuictissime Cezar saluo tenore
213 575 846 626 litterarum uestrarum et Imperialium mandatorum prae¬
207 619 843 660 decessoribus uestris et uobis in licitis et
203 664 902 704 honestis semper paruimus et fideliter adhesimus ‧
202 709 826 751 Karolus enim magnus quondam pipini
202 753 871 798 regis francie filius ‧ dum uiueret nobis censum
210 796 871 839 imposuit quo romanis Imperatoribus teneamur
203 842 873 884 obnoxy uidelicet CXX boues electos ‧ et Va ma¬
207 885 850 927 rcas soluendum quod quidem seruauimus
217 922 829 970 nec in aliquo sumus transgressi ultra cuius
211 965 882 1015 obseruanciam nec artari nos licet , nec quocumque
205 1013 886 1058 largiori Iugo grauari Nam pocius eligimus
207 1054 831 1105 mori quam insolitum ferre onus at uero
207 1098 833 1150 Imperator hys auditis rescripsit quodo non¬
212 1150 862 1198 obstantibus Statutis anterioribus quibus cumque
212 1197 870 1247 praeceptum suum uelit effectualiter adimplere
217 1242 849 1289 uel ad executionem eius ipsos compellere
207 1289 849 1335 manu forti Et dum praefatus dux bohemie
