1132 1674
332 195 950 230 dominari Ego enim sanguinem tuorum
330 240 989 277 non desidero effundere / Sed si appetis
327 291 958 330 bellum me uince solum · et omninibus
324 344 471 387 meis
471 340 956 380 dominare in pace Si autem
325 393 975 437 te uincam / similiter tui sint mee do¬
326 448 925 493 minacioni subiecti Audiens hoc dux
317 506 938 548 Curimensis letanter sub tali pacto
324 561 1007 602 condixit secum duellum · caucione firmata
318 611 985 660 de predictis ex utraque parte exercituum
304 664 961 710 Cum autem processissent duces predicti
321 721 997 763 ad duellum · stantibus ad spectaculum
324 773 981 817 exercitibus ex utraque parte · angeli
312 829 993 881 celestes comitabantur beatum Wen¬
315 889 983 942 czeslaum / et crux fulgurans prece¬
319 944 959 995 debat faciem eius Cum autem hoc
311 1001 979 1053 uidisset Curimensis dux / prostra¬
311 1062 968 1111 tus coram eo peciit ueniam Cui
317 1122 968 1170 beatus Wenczeslaus ayt Remeare
309 1186 963 1235 ad propria / et contentus tuis esto /
317 1246 966 1299 tua autem non desidero / uade in pa¬
