1135 1674
306 201 971 250 Exercitum defecisse incautos hostes cum suis
300 245 955 294 audacter quietus inuasit Et ipsos a maximo
305 287 938 334 usque ad minimum absque pietate percuciens
306 330 934 381 quoslibet quos non saluauit fuge praesidium
310 376 970 429 uiriliter interemit et eciam fugientes usque
301 419 942 471 ad Imperatoris tentorium persecutus est / nec
306 464 942 509 pepercit generi uel etati Imperator uero
310 507 945 552 inopinatum gentis sue casum ex euentu
316 552 936 595 rei percipiens uix de tanto periculo cum
309 597 966 642 paucis euasit Et sic cum principibus suis
313 645 942 690 pro tunc per fugam liquit bohemiam qui
319 690 952 735 pridem sub Imperiali uictrice aquilla
314 734 952 782 uictoriam sperauerat reportare Ex aduerso
320 776 1001 822 uero ab ea parte per quam Othardus Sax¬
310 818 951 866 onie dux cum suis bohemiam intrauerat quae
310 856 979 907 dicitur Byelinna ipsa ut potuit Deuastauit
317 897 971 956 quousque ad pontem Gnewin iuxta fluuium
308 946 978 1001 Byelinna peruenisset Ibidem dum infortunatos
314 989 970 1044 cezaris euentus audisset mente perterritus
317 1029 955 1088 cogitare cepit animo quomodo praefatum ducem
310 1075 955 1127 bohemie Brzetislaum mitigaret Et¬
317 1120 968 1170 post tantam uictoriam cezari reformaret
320 1164 953 1208 Brzetislaus uero bohemie dux de
320 1210 970 1251 fidelitate gentis sue presumens dicti
320 1252 969 1294 ducis Saxoniae sperauit consilium Mandans
318 1297 1018 1332 sibi quem uel uoluntarius infra triduum exeat
