1174 1674
231 194 904 228 regens defunctus est Cui etiam successit
242 233 882 276 filius illius woyn Qui woyn filios du¬
234 278 883 317 os habuit ‧ uidelicet Vnislaum et Wladi¬
230 319 897 361 slaum / inter quos Bohemi terram diuidens /
229 363 899 402 Vnislao Pragam et ducatum Bohemi donauit /
226 411 871 448 Wladislao uero Lucensis alias Sacensis prouinciam di¬
234 451 900 497 stribuit De quo Wladislao postea Wlasti¬
240 501 907 542 slaus processit ‧ Qui successu temporis  cum Neklan
230 542 900 585 duce Bohemie ‧ bella commisit / prout in sequenti¬
228 590 878 628 bus tractabitur Huic iterato Vnislars filius
229 636 900 672 eius successit Postea successit eidem filius suus
232 681 890 716 Cresomysl Isti omnes in pace rexerunt ter¬
227 724 896 764 ram Bohemie / Nec inueniuntur acta eorum ma¬
226 761 900 812 gnalia conscripta ‧ Postea filius Cresomy¬
242 809 881 857 sli dictus Neklan rexit terram / cuius nomen
235 853 889 899 non punctus interpretatur Nam nomini suo bene
230 900 890 945 competebat / quia adeo timidus erat / quod in
231 951 907 991 nullo usu armorum interesse poterat / uel uole¬
234 990 905 1038 bat Ipso uero presidente in regimine / Duos fi¬
226 1039 900 1080 lios habuit / unum Hostywik / et alium Dipol¬
226 1083 879 1123 dum ‧ Hostywit post mortem eius assignauit
226 1129 881 1170 ducatum Bohemem / et Dipoldo prouinciam Zlicensis /
232 1169 913 1210 que Gurimensis dicitur ‧ deputauit Cuius eciam
231 1210 852 1255 tempore Wlastislaus dux Lucensis / que prouincia
240 1258 898 1295 nunc Sacensis nuncupatur / maximas gwer¬
240 1290 889 1328 ras Bohemie fecit / et multa prelia contra
