1174 1674
309 196 862 237 Einde pessima tyranna fremens
198 246 871 287 fremuit in Christi fideles / filius
220 298 882 350 autem ipsius primogenitus beatus Wen¬
226 350 875 398 ceslaus doctrinam et legem christianam ‧ scilicet a¬
230 408 896 449 uie sue beate ludmille firmiter tenebat /
219 456 892 506 Reuocans christianos dispersos / et eis omni¬
226 505 865 554 bus pia opera impendebat ‧ Panem
221 557 881 608 et uinum ad sacrificia missarum proprio labore
223 614 880 654 et manibus excolebat / ligna et necessaria
229 662 854 703 orphanis ‧ uiduis et pupillis propriis
229 710 867 759 humeris noctis tempore deportabat Inte¬
230 761 874 808 rea dux Curimensis humilitatem sancti
228 808 886 855 uiri despiciens / terram et ducatum suum cepit
227 855 896 899 opprimere et uastare / ita quod coactus beatus
228 901 892 955 Wenczeslaus congregato exercitu ob¬
227 951 915 1005 uiam et in campum sibi occurrit ad defensionem
225 1002 853 1056 gentis sue Quem dux Curimensis
230 1050 911 1107 spreuit cum exercitu suo / et occurrens ei sibi
227 1104 913 1160 bellum indixit Cui beatus Wenczesla¬
233 1156 898 1202 us congregacio exercitu legaciones mi¬
235 1209 960 1250 ssit dicens Si cupis ducatum meum ‧ cur
240 1269 872 1309 interficerentur in bello quibus appetis
