1174 1674
218 172 880 210 mater sua ueled altera iesabel sequens
222 217 884 259 crudelitatem impyssime athalye / que in proprium
234 260 879 296 sanguinem suum regalem seuit / et procuratrix
219 298 898 337 extitit effusionis innocentis sanguinis ma¬
220 337 888 376 rtiris primogeniti sui Beati wenseslai /uelud
222 372 891 415 dathan et abiron a terra absorpta est / in
214 413 864 456 publica strata ante Castrum pragense / uersus
225 448 885 494 accidentalem plagam / prout uestigia te¬
222 487 899 530 lluris usque in hodiernum diem cernuntur Com¬
227 525 885 562 plices autem interfeccionis fratricide Beati Wenceslai
228 560 849 598 tam rabidis quam pessimis plagis percussi
233 598 897 643 sunt passus autem et interfectus est sanctus wencses¬
228 636 889 688 laus a fatre suo Boleslao / in urbe Boleslaw
215 674 863 716 predicta / Anno dominice in carnacionis ‧D‧ ‧CCCC‧
227 710 614 743 XXIXo IIIo kalendas Octobris ‧
385 774 870 809 Capitulum ‧xuiii‧ de translatione Sancti
392 822 870 854 wenceslai ducis Bohemie ad
392 860 871 896 pragensem Ecclesiam / que factam est anno domini
397 898 917 938 nouingentesimo XXXIIo IIIIo nonas
372 938 483 975 marai
388 989 864 1025 ranslacio autem gloriosi martiris
389 1026 907 1068 de Boleslauinen ad pragnesem ecclesiam
388 1067 902 1113 ex mandato impii principis Boleslay
218 1100 906 1152 fratricide ad occultacionem fame miraculorum
214 1141 924 1192 ex ipsius meritis a deo prodiencium / obdura
219 1182 851 1229 tam mentem fratricide prostrauit / dum lux
214 1220 909 1269 lucis in sua allacione tenebras illustrauit
213 1261 886 1298 nocturnos et obscuros pragnenses Carceres
