1135 1674
320 191 972 228 In uiro dei Sanctus autem optans uo¬
321 238 638 274 luntarie
638 237 934 274 offere sacrificum
316 286 975 326 deo et ponere animam suam pro christo re¬
323 334 982 375 stituit sibi gladium ayens / uoluntas tua
321 373 978 421 sit in manibus tuis Qui accumu¬
329 414 965 468 lans peioribus pessima / sicut ursus
325 458 984 518 insidians de spelunca iterato in eum irruit
313 518 978 572 cum suis complicibus et sicud ippera carnem
316 573 969 620 et sangwinem suum laterare desiderans
320 617 935 671 in proporium germanum gladium extendit cum
329 669 936 722 suis complicibus / ita ut morti eum
318 726 952 771 affigerent / animam deo corpus terre
321 774 989 826 relinquentes Cuius sanguis fratrici¬
318 828 988 876 dium ante deum proclamans abstergi nul¬
309 877 963 923 la humana arte umquam potuit
317 929 965 975 Tempore autem gloriose passionis sue christus
317 989 971 1033 regi dacie apparens in cruce eum hor¬
310 1044 930 1084 tatus est ut ecclesiam sub tytulo
325 1097 1005 1138 martiris sui wenzeslay construeret
323 1150 975 1191 pro ut uenium ab eo appeteret obtine¬
320 1200 952 1247 re. Quod et fecit ‧ Illo ecciam tempore
320 1255 971 1300 pessima et ignominiosa drahomirz
