1174 1674
234 198 885 240 et armis eorum se precingerent et postea conuenirent
231 229 893 276 in campo eis prefixo simul omnes / quod et factum
225 265 877 319 est Et cum se congregassent armate / postquam
234 308 882 364 interfecissent uiros / obsederunt ducem Przie¬
238 346 906 406 mysl in Castro Wyssegrandensi et castrum ex oppo¬
244 392 887 448 sito super forti cacumine montis construxerunt /
240 434 891 493 quod Diewin uocauerunt suo nomine / Puelle enim
234 482 895 537 nominantur Diewicze / et ex nomine puellarum uocatum
235 523 908 576 est castrum Diewin Ipse autem ita fortes et potentes
236 564 898 618 fuerunt / quod uiri in campis non poterant eis ob¬
244 608 840 655 uiare nec earum potencie resistere
378 646 871 695 Capitulum  ‧VIII‧  De regimine feminarum
390 686 897 737 in regno Boemie interfeccione uirorum
309 732 922 779 ostquam autem Wlasta edificasser iam ca¬
324 773 889 822 strum Diewin / et se cum puellis suis
293 818 915 865 congregasset ibidem / ac locum eundem ar¬
234 861 935 912 mis scutis gladiis et arcubus muniuisset /
218 903 931 954 uiri magnates terre Bohemie cum comilitoni¬
229 946 881 997 bus suis uenerunt coram duce Prziemysl in
234 982 927 1037 Wyssegrad dicentes / Vt quid patimur dominacionem talium
240 1028 933 1086 feminarum deliberauimus cum eis bellare uel castrum
240 1075 952 1128 earum Diewin obsidere Quibus respondens Przie¬
237 1123 889 1169 mysl Qui spiritum uaticinatiuum habebat ait /
237 1164 905 1208 uobiscum non uadam / quia omnes debellabimini / et
233 1200 912 1245 ego cum generacione mea si interessem eodem bello
216 1249 923 1283 perirem Tamen prefati  ‧  ipsi non attendentes
