1174 1674
208 208 881 255 Jaromir / et Octonem / de quibus postea succe¬
216 250 836 305 ssiue dicetur / Brzetislaus itaque patrati
202 295 851 353 quondam sceleris in auum suum Boleslaum
206 340 870 402 per Mezkonem ducem polonie non immemor /
208 383 852 438 congregato excitu suo intrat poloniam ‧
202 429 848 485 eamque deuastat et desestruit Cracow
200 478 887 536 insignorem urbem polonie strennus uictor
196 522 849 578 acquirit / et funditus subuertit / ac ibidem
198 564 846 620 ditissimis thesauris et spoliis oneratur /
207 611 913 668 ceterasque polonie urbes lucratur ‧ succendit /
207 656 840 709 et durimit usque ad castrum Bdek / ubi
197 702 882 754 Castellani terre et homini maxima multitudo
196 745 889 795 confungerant Cum dicto duci et eius ex¬
200 790 865 841 ercitui resistere non ualentes se gracie
200 839 865 887 sue humiliter subdiderunt quos graciose re¬
202 886 849 934 cipiens misit bohemiam assignans ipsis
207 930 843 982 partem siluarum ⸍⸍ Czierni Cum quemdam
204 977 890 1028 perfectum inter eos capitaneum et maiorem
200 1024 890 1070 constituens , decreuit ut sub ea lege qua
202 1069 850 1122 in polonia uixerant permanerent Qui
192 1118 865 1162 ab urbe Bdek usque hodie Bdekani uo¬
197 1163 894 1213 cantur Deinde dux Brzetislaus predictus
188 1205 853 1258 usque Gneznensem transiens metropolim
196 1249 862 1297 ipsam uictoriose lucratur et tam ipse
195 1294 849 1339 quam sui Ecclesiam beate marie uirginis
