1129 1674
505 201 942 244 Et aliorum sanctorum in
515 249 853 291 polonia receptorum
430 317 943 354 Iis autem diuina fauente gracia
448 369 964 408 prospere sic gestis et de tantorum
413 418 974 452 patronorum sanctissimis allatis
416 460 867 501 reliquis tota bohemia plurimum
305 510 969 552 exultante / quidam talia inuidentes apostolicam
319 555 972 591 sedem accedunt ‧ ducem bohemie Brzeti¬
324 597 971 637 slaum pape deferunt / eo quod contra sanctorum
315 642 965 684 patrum decreta et canonicas sancciones
315 684 930 729 praefatorum beatorum corpora de polonia in
309 731 942 773 bohemiam sicut praemittitur asportarat /
309 774 945 820 Et inde tam dux quam Seuerus Episcopus
308 818 958 866 pragensis de praesumptione huiusmodi plurimum
312 864 934 915 arguuntur / et ad respondendum de super
312 910 939 959 coram apostolicam sede missis Citacionum
314 951 933 1003 litteris ad pape praesenciam euocantur Qui
316 995 959 1045 mittentes nunccios et legatos suos ydo¬
313 1041 948 1091 neos se qualiter non temerarie sed bona
322 1085 986 1140 intentione ‧ necnon pro magna salute boh¬
314 1130 934 1185 emice gentis translacionem patronorum
308 1180 954 1231 huiusmodi fecerant ‧ se excusare curan¬
309 1233 950 1275 tes ‧ postulauerunt misericordem ueniam
311 1282 980 1323 de commissis ‧ dominus uero summus pontifex
