1138 1674
297 190 950 223 puerum cuidem nominato Duringo / qui fuit de
306 226 945 262 Rzibia genere / eiusdem curam sibi gerendam
320 262 984 310 commisit Ilam et idem duringus uulnere Wla¬
328 314 965 355 stislao patre suo / eiusdem pueri curam gessit
310 358 928 399 postea uero idem duringus credens duci
311 402 943 444 Neklan facere acceptum seruitium / puerum sibi
317 449 960 490 commissum dixit super fluuium predictum ohrze /
318 499 945 539 qui fluuius tunc congelatus fuit / glaciemque
326 544 968 588 perspicuam habuit Et du, ad locum aptum uo¬
311 592 967 631 luntari sue venisset / dixit puero conspi¬
315 637 980 674 ce domicelle sub glace multos pisciculos /
321 684 959 719 puero uero se incuruante et conspicente / ipsum
337 726 988 764 securi quam latenter sub palio portauerat inter¬
326 768 981 806 fecit / et caput eius amputauit / et inuol¬
320 818 967 850 iut syndone munda / portauitque principi
339 861 959 898 suo dicens Facere uolui te et tuos securos /
321 906 956 941 ne puer mihi comissus / postquam per etatem
320 951 982 984 creuissem adultam / recordatus mortis sui / ipsum
324 993 970 1027 fortisan uindicasset Ecca hoc caput suum
320 1039 950 1073 tibi presento / et mercedem inde postulo
320 1083 960 1119 princeps vero Neklan cum suis magnatibus
322 1130 975 1165 eodem tempore sedens in mensa / dum tam grande
325 1175 939 1215 scelus esse factum audisset / et caput filii
318 1218 965 1258 prefati wlastislai conspexisset obstupuit / et
322 1270 976 1306 una cum magnatibus suis dictum Duringum
