1132 1674
315 191 929 244 iniuncta fuerant deuocius et effectualiter
306 235 978 292 executioni demandans Que boleslauiensis
313 278 946 338 Ecclesia fundata ‧ erecta et dotata / sicud pre¬
324 326 978 377 mittitur usque hodie cerni potest in euidens
308 368 607 407 testimonium praemissorum
459 458 1008 497 Capitulum XXXV qualiter henricus
463 511 938 544 secundus a duce bohemie aurum
467 556 930 591 pridem acceptum in polonia
316 605 947 644 repecyt / et ob hoc bohemiam inuasit / et
313 656 992 696 qualiter primo uictus ‧ secundo muneribus placa¬
316 701 980 744 tus abscessit ‧ de dedicatione ecclesie bole¬
321 748 963 786 slauiensi ‧ de morte matris Brzetislay ‧ de
310 794 953 829 obitu sancti Procopy ‧ et de locacione facta
322 841 996 882 poloniensi sub animo censu Ciuitatis Wra¬
323 891 977 925 tislauiensis ‧ et aliarum ciuitatum in polonia
449 950 975 985 Ostquam super translacione praedictorum
429 999 956 1034 beatorum martirum de polonia in
452 1046 943 1082 bohemiam Summus pontifex
313 1085 1014 1125 cum Brzetislao duce bohemie ut supra
320 1128 950 1174 dicitur misericorditer dispensasset
309 1176 1000 1221 Imperator henricus secundus audiens ma¬
320 1225 1013 1263 gnam auri quantitatem in polonia recepta ‧
322 1272 1080 1317 et per dictum ducem in bohemia transportata /
