1103 1674
297 192 991 231 eos obtinuit / quamuis esset de genere principum Bohemie /
305 232 941 267 et ducatum suum in Bohemia obtineret Et inter
297 270 886 309 alia bella ultimum bellum suum sequitur
572 296 675 332 Capitulum ⸍⸍ de ultimo bello Wlastislas ducis lucensis
364 390 931 429 nter Luczanos et Bohemos in Campo
372 434 500 465 qui dicitur
622 435 993 467 Turzko factum est bellum /
331 475 964 507 Vnde sciendum est / quod tunc Luczsana prouin¬
301 518 938 554 cia que nunc Sacensis uocatur / distincta fuit
306 562 948 596 quinque prouinciis locorum ‧ prima situm habuit certa ri¬
296 609 968 644 uum uocatum ex nomine Bynuria / Secundam ex utra¬
305 654 945 686 que uska Tercia  per cercuitum  torrentur Brotnica /
307 693 927 731 Quarta siluana dicta fuit / sita infra terminos
311 736 946 772 fluminis mza / Quinta in medio eorum luca dice¬
296 783 941 817 batur / pulcherima uisu / et usu fertilis / nomen
297 829 962 861 traxit a re / quia luca latine pratum dicitur /
307 869 970 905 huius regionis homines antequam ciuitas Sa¬
296 909 958 947 censis edificata fuit / luczani uocabantur Ilis pre¬
299 958 980 991 fuit dux nomine wlastislaus / uir bellicosus/
307 1002 951 1036 ac in consiliis multum dolosus Hic condidit
301 1041 968 1078 urbem / quem appelauit  / nomine suo wlasa ¬
316 1084 974 1123 slaw / inter duos montes mednez et pripek /
303 1130 964 1168 in confinio duarum prouinciarum / uidelicet Beline et
300 1172 969 1212 luthomirzicz  / quem precinxit muro / et firmauit
307 1217 945 1255 ualde / hic mouit bellum contra Bohemos / et
312 1263 948 1297 inter suos tale statutum fecit / ut quicumque
