1161 1674
196 198 810 240 Bohemiam uel post lapsum eius bello de¬
203 240 825 285 pressus subiaceat / nec habeat amodo
196 288 842 330 liberam licenciam exeundi Qui uir prouidus
190 332 850 371 talia prudenter aduertens et prioribus domini sui
198 375 849 410 cezaris discriminosis pensatis dispendys /
204 420 880 461 terram et metas bohemie pacificus exiuit /
197 464 808 508 cogittans qualiter se super illatis posset in
196 507 873 554 posterim uindicare Interea dux Brzeti¬
200 554 865 601 slaus praedictus ad defendendum fines bohe¬
200 599 834 649 mie uersus Saxoniam Comitem Belinensem pro
196 642 840 694 copium nomine tum tribus legionibus deputa¬
197 687 843 740 rat hic quia corruptus Saxonum pecunia
197 731 813 786 aduersus ducem Othardum non resisterat
194 774 862 820 ut debuit a praefato duce Brzetislao ca¬
197 820 831 867 ptus est et oculis erutis manibus pedibus¬
203 865 825 912 que abscisis praecipitatur in fluuium Byelyne
191 907 825 956 ut aly eius exemplo perterreri ad uotum
197 947 848 1000 et iussum ducis sui patriam defenderent
200 990 823 1045 et fidem praescitam nullatenus uiolarent / facta
196 1037 831 1086 autem sunt hec Anno Domini Millesimo XLIo
196 1084 850 1130 deinde ⸍⸍ domini ⸍⸍ Anno Millesimo XLIIo hen¬
194 1127 825 1176 dricus Imperator praefatus una cum Othardo
207 1172 848 1221 duce Saxoniae supradicto militorum suorum
214 1215 803 1266 nobilium et fidelium ruine non immemor ‧
207 1262 819 1305 ulcisci cupiens imperiali potencia multis
208 1305 821 1347 itineribus bohemiam intrans eam undique
