1126 1677
294 198 963 238 mecum coniurare et me iuuare / spero quod domina¬
284 235 978 274 bimur uiris in omnibus Tunc singule responderunt /
285 273 930 311 placet nobis summe quod dicis Tunc dedit
291 316 968 349 eisdem uirginibus confectum potum ‧ ut odio haberent
296 357 955 389 maritos ‧ fratres ‧ et amicos / et quidquid masculini genus
283 397 949 432 esset Illo eciam tempore equitabant mulieres et uirgi¬
294 440 972 476 nes ad uenaciones et alia loca ‧ se exercitantes ut
298 479 968 511 uiri Tunc uidit Przemysl princeps et uates
295 522 970 555 in uisione / quod puella cum multis puellis astan¬
293 569 955 602 tibus ministrabat sibi calicem plenum sangwine
284 613 954 648 Et cum uidisset hanc uisionem / conuocauit magnates
295 660 961 694 seniores populi dicens eis uisionem / asserens quod ti¬
293 704 950 742 meret magnum scandalum euenire a mulieribus
292 748 956 792 et puellis ‧ adiugens quod nimis dabant eis de¬
285 795 984 831 libertate Cuius uerba ipsi pro ridiculo habuerunt
295 838 963 877 non curauerunt nec eis prohibuerunt exercicia uirili¬
286 879 977 920 a Tunc dicta Wlasta timens ne negotium prodere¬
293 920 951 962 tur Conuocauit iterato uirgines et mulieres / et
294 961 954 1002 dedit eis iterato potum confectum bibere / cuius protextu
292 1005 974 1044 adeo oderunt masculinum genus / quod ipsis de sita
292 1047 944 1084 amplius non fauebant Hec eciam Wlasta
289 1095 982 1127 per ministras suas / talem potum ministrauit per
294 1140 966 1174 totam terram et consilio postea habito cum aliis
286 1182 960 1218 uirginibus et mulieribus tractauerunt / quod certa die et
286 1224 965 1262 hora / de nocte cum uiris dormirent omne genus
281 1256 1000 1302 masculinum interficerent / et equos eorum reciperent /
