1148 1674
299 190 952 242 commissorum peccatis inualescentibus nolle redire /
308 232 956 273 seductus animo / et auaricia tactus dolositatem suam
295 268 925 317 quam pridem sanctum uirum decipere nitebatur
296 306 934 351 depallians / non ut aaron uocatus a deo /
289 341 946 383 sed temeritate propria Sancti adalberti pragensem
299 376 944 418 kathederam sibi usupare presumpsit / Et pro
298 412 980 451 consecracione sua archiepiscopum Magnutinum acce¬
295 445 948 487 dens / dum inter duos suffraganeos episcopos
298 477 966 524 ut moris est consecracionis huius modi pro¬
302 511 937 559 stratus ieceret / in medio statim in signum
297 548 968 598 indigne consecracionis sue demonio arreptus
296 584 931 635 tamdiu uexatur / quousque crudeliter uitam
300 620 918 669 finiuit Sicque Episcopatum Pragnensem quem
288 651 939 706 pridem per sanctum Adalbertum sibi sponte
294 690 957 742 oblatum dolose accipere recusauit / postea
300 724 986 785 dum uoluit digno dei iudico infausta morte
300 763 923 819 preuentus asequi non potuit / Sic que eius
293 804 938 852 uoluntatis temeraria intercepta / prefactus
295 840 942 889 Sanctus Adalbertus quamdiu vixit / eciam
289 879 943 924 Exul et absens permansit Pragensis Episcopus
511 959 919 990 Capitulum XXV ‧ de tercio
518 1002 936 1038 Episcopo pragensi / nomine
513 1047 727 1085 Deodato /
425 1099 937 1134 ostquam sepe nominatus dux bohemie
440 1140 931 1177 pius Boleslaus / per martirium
443 1180 908 1215 et mortem sancti Adalberti
443 1215 941 1255 prout ut proxime supra scriptum est
295 1256 980 1292 suam pragensem ecclesiam pastore carere uidi¬
280 1287 966 1326 sset / tamquam zelator Catholice fidei
