1132 1674
295 178 946 222 lacrimis / lumen occulorum et manuum recepit
307 218 452 250 sanitatem
527 221 814 260 Aliud miraculum
235 269 956 313 Vir quidam de franconia ab adolescencia
288 310 950 358 sua ex natali defectu contractus pedibus /
274 347 989 393 Ita ut solo reptando graderetur in sopore
294 386 993 434 nocturno uidit uirum uenerandum albis indutum
295 423 939 467 dicentem sibi Duci te facias ad ciuitatem
299 459 968 500 pragensem ad ecclesiam sancti Viti / ubi requiescit
296 498 981 540 corpus sancti Wenczeslay martiris / cuius meritis
289 540 957 578 perfectam recipies sanitatem Qui sompnia¬
306 577 937 610 sse se putans / iussa implere neglexit
298 615 940 653 Nocte autem secunda ad eodem sene cum
289 656 940 687 maxima claritate sibi apparente iterato
289 694 961 727 monitus / quod nequaquam dimitteret / quin monita
305 728 931 773 predicta perficeret Qui iusses uenerabilis
309 770 924 808 senis apparentis obtemperans tandem
275 809 941 854 Pragam delatus / prostratus solo ante
303 848 992 903 sepulcium martiris gloriosi in dicta Basilica
299 885 950 940 sancti Viti / neruis extensis / basibus
290 924 943 976 consolidatis et plantis / recepit perfectam
303 963 972 1015 sanitatem / et ad propria remeauit laudans
299 1000 980 1052 et glorificans Deum / et gloriosum marti¬
301 1039 654 1076 rem beatum Wenczeslaum
502 1093 870 1130 Aliud miraculum
288 1135 980 1183 Anno Christi millesimo XCIIo / in natiuita¬
287 1176 938 1223 te sancte marie dei genitricis uirginis
296 1208 957 1262 gloriose / post matutinus iam illuce¬
305 1255 976 1295 scente die / beatissimi martires sancti
280 1292 1009 1327 Wenczeslaus et Adallectus uisibiliter apparentes
