1103 1651
299 184 987 233 ubi corpus beatissimi Adalberti ma¬
300 235 973 284 rtirtis reconditum erat reuerenter intrantes
298 287 984 333 confessi et contriti triduanis uacant Ieiunis
303 336 967 379 et ante sepulcrum sancti adalberti una
297 380 993 427 cum Seuero pragensi Episcopo in terram prostati /
303 433 997 475 oracione fusa et dei nomine inuocati , altare
308 476 953 519 in quo sanctum corpus reconditum erat
303 522 954 569 aperientes intrauerunt sanctum in sarcho¬
308 571 979 619 fago habitu et corpe integrum per omnia /
294 618 959 663 ac si ipso die missarum sollempnia cele¬
298 663 947 709 brassem / de cuius corpe miri odoris¬
307 715 988 754 fragrancia non solum totam Gneznensem re¬
302 760 945 798 pleuit ecclesiam , immo ducem bohemie
305 807 923 846 et eius exercitum mirifice confortauit / ubi
318 854 981 893 stupenda ualde res accidir , quod ante la¬
314 900 976 943 psum trium dierum nemo sacri ciproris
326 944 954 987 sachofagum tangere potuit Et sic
310 993 996 1035 elapso triduo et oracionibus multiplicatis
316 1039 948 1080 capsam attingunt sancto cum corpore
307 1089 991 1124 et ipsum in altaris arce collocant Offertque
307 1133 993 1170 dux bohemie Brzetislaus ducis ma¬
312 1180 1000 1217 rcas argentis / similiter in eadem ecclesia corpus
330 1226 968 1267 sancti martiris et archiepiscopis Gneznensis
319 1275 965 1314 Gaudencii / qui et alio nomine radim
