938 1371
127 114 696 163 ducitur obseruandus ‧ Et ibidem fere tribus annum continue
128 151 714 196 detinetur ‧ Eodem eciam anno circa festum sancti Wenceslai Sobieslaus
130 188 694 220 Iunior frater wladislai predicti una cum Boleslao duce
126 212 716 254 polonie / cum maxima potencia armatorum regnum intrant
128 236 697 277 Boemie ‧ dolose dicentes / qualiter ad concordiam eandem
137 262 708 302 fratres eosdem illac uenissent ‧ Et sic talibus ficticiis usque
134 288 716 325 ad fluuium albee peruenerunt / dum wladislao nunccia¬
131 313 702 355 tum esset ‧ ipse dolositatem eorum considerans ‧ uerbis eorum
131 340 708 379 non credidit ‧ Quod illi uidentes transeunt albee et
131 364 697 407 terras regni undique deuastauerunt ‧ wladislaus uero ex
127 392 714 436 aduerso exercitum congregans ipsos ‧ insequitur ‧ quos ut uidit
131 416 713 460 ad resistendum dispositos ‧ suos premonuit et belli
137 444 703 490 certamen preordinat ‧ Et post primos congressus quam plurrimis
128 471 713 513 a parte utraque inter fratres fratrem suum Sobieslaum cum duce po¬
138 499 714 545 lonie conuertit in fugam ‧ et de suis hostibus magnifice trium¬
134 525 711 580 phauit ‧ In quo bello Theodricus Bozey cum quibusdam
135 557 701 598 adherentibus sibi militibus ‧ multos strennuos actus fecit ‧
131 579 709 627 Et facta sunt hec anno prefato VIIIo ydus octobris ‧ postea
134 611 698 658 uero anno domini MoCXIo Swatawa marchionissa
127 634 704 694 Morauie Wladislaum et Boleslaum filios suos mu¬
130 662 711 711 tuo concordauit ‧ Sic wladislaus fratre suo de polonia
134 687 709 739 reuocato ‧ urbem Sacensem cum eius prouinicia sibi tradidit
136 720 713 777 possidendum ‧ Deinde anno domini MoCXIIo Wladislaus
140 749 727 796 princeps terre boemie iuxta statutum antiquorum Imperator
138 779 695 828 scilicet wladislaum filium quondam Brzetislai patrui sui
141 797 710 851 Cum trecentis electis militibus henrico quarto in subsi¬
128 830 703 881 dium misit ‧ Qui post multos actos strennuos ‧ reuersi sunt
131 851 711 910 ad propria ‧ Anno uero domini MoCXIIIo Innotuit Sobieslao
136 877 709 942 quod wladislaus frater eius induccione waczek predicti ipsum
127 915 699 965 capere niteretur ‧ Ex quo Sobieslaus prefatus non longe a
134 935 718 986 castro wyssegradensi trecentos armatos per insidias posuit
131 962 698 1025 Iniungens eis ut dum waczek appropinquare uident ipsum
143 997 697 1041 necarent hinc est quod postquam Sobieslaus cum fratre suo
131 1019 712 1070 Wladislao in castro Wyssegradensi hora captata pransus
135 1046 721 1103 fuisset accepta ab eodem fratre suo licencia Waczek rogauit
146 1076 712 1122 ut propter quedam que secum haberet secrete conferre equm
134 1107 706 1163 ascenderet et eum aliqantulum itineris sociaret /
