947 1358
162 131 774 173 et probum ‧ et in iudiciis veracem et complanatorem rixarum ‧
158 155 753 201 divitem et opulentum Crok nominatum , qui primum fortalicium
158 178 773 226 fecit in Boemia in loco, qui dicitur Stebna. Aliqui etiam ferunt
169 201 766 250 quod habuerit fratrem seu parentem qui Crak nominabatur ‧ qui in Polonia
163 225 783 275 castrum et ciuitatem Cracowiensem edificauit ‧ et nomine suo Crakow
162 248 761 300 nominauit ‧ Iste prenominatus Crok rexit diebus suis non tanquam
165 274 780 325 princeps sed tamquam iudex electus a populo omnibus diebus uite sue
162 297 755 351 feliciter terram boemie ‧ Post obitum uero reliquit tres fi¬
162 324 774 379 lias ‧ primogenitam Byelam que edificauit castrum Byelyn
163 348 766 405 et illam prouinciam exaltauit ‧ Illa fuit perita in omni me¬
157 373 747 427 dicina ‧ et cognoscens omnes herbas ‧ de infirmitatibus
159 397 755 452 homines curabat ‧ Secunda Tetka ‧ nominata erat que castrum
156 419 769 478 tetyn secundum suum nomen edificauit ‧ Illa sortilega et augur¬
164 444 764 502 ra maxima fuit ‧ Ita ut furta et alia et ea que accide¬
145 467 755 526 bant hominibus, suis diuinacionibus resciebat ‧ Ideo tota illa
154 493 750 551 patria dum quis aliquid perdebat furta uel aliter ‧ recurrebat
155 517 764 577 ad eam ‧ et illa eis perdita totaliter indicabat ‧ Tercia
157 542 776 603 libusse uocata est ‧ illa alias precellebat nam erat sibilla
157 566 781 629 et spiritum phitonicum habebat et presciebat et narrabat futura ‧
155 589 761 659 Hec erat in iudicio sapiencior omnibus ‧ mitis moribus
157 615 777 682 et opere ‧ Illam patria boemica iudicem constituit loco Crok
156 641 750 709 patris sui que edificauit castrum wyssegradense primo Et rexit
156 664 762 733 totam terram multa per tempora Postea duo magnates Boemie
162 691 787 757 habuerunt inter se rixam maximam pro quibusdam possessionibus
157 716 764 780 suis et sic uenerunt coram dicta libussa in iudicio ‧ astante
155 743 755 807 populo ‧ Ipsa uero perscrutans factum iuste iudicauit et uni eorum
156 769 758 832 iusticiam ‧ attribuit. Tunc aliter qui condempnatus fuerat
159 793 758 860 sed potencior in diuiciis exclamauit voce magna ‧ Heu mi¬
155 818 769 885 serie populo nostri ‧ quod omnia regna et principatus reguntur per uiros
155 845 764 909 nos autem per mulierem ‧ Tunc omnis populus exclamauit principem
154 871 755 934 postulamus uirum ‧ qui nos regat ‧ sicut et alie naciones re¬
156 896 766 960 guntur ‧ Ipsa uero silencium imponens ‧ ait : Crastina die ad
165 921 769 984 me uenietis et fiet uoluntas vestra ‧ Tunc crastina die
163 946 772 1007 conuenientes uenerunt ante eam ‧ Ipsaque eos sic alloquta
157 973 759 1033 est In pietate et amicicia uos molliter et suave rexi
163 1003 772 1055 sicut mulier ‧ Nunc autem habebitis principem prout postulastis
158 1028 750 1080 qui domabit capita uestra in uirga ferrea ‧ et iudicabit
166 1055 766 1107 uos secundum uoluntatem suam ‧ cuius uoluntati ausi non eritis
166 1084 769 1129 contraire ‧ et exaltabit inter uos quos uoluerit et alios
