949 1367
131 117 716 169 et committit eius regnum ‧ ciuitatem hradek cum quatuor castellis
144 163 726 199 et totam euis prouinciam ‧ Deinde eodem anno mense Iulii wla¬
143 186 714 228 dislaus cum fratribus suis Ottone et Sotieslao iuxta flumen
143 211 717 250 nisa ‧ ad quendam diem placitorum conueniunt ‧ inter se perpetuam
141 236 705 283 pacem firmant et hylares ad propria reuertuntur ‧ Interea
134 262 715 305 Odalricus filius Conradi marchionis morauie ‧ secundoge¬
146 295 719 325 niti fratris quondam wratislai primi regis boemie superdicti ‧
142 312 713 360 qui olomucensem sua ⸍⸍ prouincia possederat ‧ et solum filium
144 354 280 383 etate tenera
339 337 722 379 post se relinqueeat moritur unde wladi¬
152 371 405 406 slaus princeps boemie
492 363 732 399 slao dictam ciuitatem et eius
140 387 727 440 prouinciam assignauit ‧ Deinde anno domini MoCXVIo post obi¬
153 414 733 456 tum Colmani regis Vngarie Stephanus et rex ad wla¬
142 449 715 486 dislaum solempnes mittit nunccios rogans ut ad certum
145 464 709 517 diem et locum pro pace inter eos firmanda conueniat Quorum
145 495 718 538 uoluntati wladislaus annuens uenit usque ad fluuium ol¬
149 518 704 569 ssen ‧ metas ungarie et morauie distingwentem Rex
145 548 718 590 uero ungarie cum in campo luczko ab alia parte fluuii cum
152 580 724 614 innumerabili multitudine ungarorum similiter aduenerat unde altera
143 598 724 645 die wladislaus predictus trans flumen procedens castra me¬
146 621 694 673 tatus est Ad quem missi per regem ungarie solepnes
146 630 730 692 nunccii quedam referunt gwerram et non pacis federa
144 670 721 722 designantes unde eciam wladislaus eodem die distulit de pa¬
145 694 730 752 ce tractare Quod ungari indigne ferentes cum suis ar¬
153 720 729 772 ma sumunt et stantes ex alia parte fluuii se ad bellum
145 749 707 799 muniunt ‧ hoc itaque priceps boemie comperiens cum suis
155 775 719 824 subito arma capit et flumen transit paratus ad pugnam
148 799 717 852 Sicque illico cruentum bellum conseritur Wladislaus cum
150 821 714 874 suis ab hostibus retrocedere compellitur ‧ Sed otto et So¬
144 849 715 904 bieslaus fratres eius de boemia quam de morauia fortem
152 880 727 934 habentes exercitum regis ungarie Stephani et suorum de hoc
149 910 727 956 bello nihil sciencium impetu magno irruunt castra quotquot
156 939 704 986 reperiunt tam nobiles quam alios perimunt Et rex Ste¬
153 958 703 1010 phanus auxilio sui archiepiscopi laurencii uix euasit
145 990 719 1038 Quibus taliter bello instantibus accedunt alii qui prius aduer¬
158 1013 725 1063 sus wladislaum principem boemie quasi uictoriam obti¬
154 1037 729 1087 nuerant quos similiter otto et sobieslaus hostiliter in campo
154 1065 741 1114 suscipiunt et ipisis deuictis suscipientes conuertunt in fugam
152 1101 745 1156 de quibus ipso die in flumine Wah innumerabiles submersi sunt ‧
