947 1371
126 128 715 170 Sobieslaus princeps regni boemie Romanorum regi lothario
141 166 711 196 reconciliatus est ‧ Et eodem anno idem rex una cum principe So¬
140 188 710 225 bieslao urbem Amberg ⸍⸍ obsederunt ‧ et totam Bauariam
141 215 700 249 usque danubium ‧ per decem continuas ebdomadas incendiis
138 238 714 273 et depopulacionibus uastauerunt ‧ et postea sine resistencia ad
131 260 704 311 propria reuertuntur ⸍⸍ Deinde anno domini MoCXXVIIIo lotherius
141 285 705 327 rex filium Sobieslai in die pasche de sacro fonte leuauit
144 313 705 354 sibique Wladislaw nomen imposuit ‧ et de uoluntate wilgberti
141 332 729 380 comitis ‧ deuolucionem omnium bonorum feodalium eiusdem wilgberti
144 369 705 406 infanti baptisato ‧ contulit in prouincia pricipum Saxonie ‧ Eodem
133 402 718 433 anno Sobieslaus regi lotherio adusus Conradum quem
143 417 718 462 tunc qiudam principes electores in odium lothorii elegerant ‧
139 444 707 491 cum maximo exercitu prebuit auxilium et post multos actus magnani¬
143 468 734 510 mos ‧ cum honore reuertitur ‧ Deinde non post multum temporis Sobieslaus
135 504 727 541 Conradum filium lutoldi ‧ fratris odalrici predicti ‧ cepit et in castro
125 524 715 576 Wyssegradensi reclusit ‧ similiter et Sobieslaum et Wrzietislaum
141 550 716 602 filios Conradi senioris ‧ fratris quondam wratislai primi
145 580 702 623 regis boemie in castro donyn captos detinuit ‧ postea
137 601 705 646 uero Anno domini MoCXXIXo memoratum wratislaum filium
145 638 710 680 Odalrici predicti Sobieslaus iterum cepit ‧ et in castro glocz
139 658 705 706 firme commisit custodie ‧ Eodem eciam anno Sobieslaus ecclesiam
144 691 718 735 sancti petri Wyssegradensem ‧ quam olim pater suus rex wratislaus funda¬
144 708 718 759 uerat ‧ renouauit et in ipsa coronam ponderantem XII mar¬
142 742 705 788 cas auri ‧ et octoginta argenti suspendit pauimentum
140 766 705 819 pollitis lapidibus oxornauit ‧ circuitum et ambitum struxit
145 783 703 845 Et tecta et alia edificia reformauit et prelatos et cano¬
151 811 714 863 nicos augmentauit ‧ Eodem eciam anno Sobieslaus wratislaum
147 861 196 893 filium
246 842 696 889 Swatopluk nepotem suum ‧ Stephano regi
143 862 705 919 ungarie in auxilium contra grecos misit ‧ Qui iuuenis uictor
146 890 703 945 reuersus ab hostibus et correptus infirmitate febrium
142 919 648 974 pridie kalendas marcii expirauit / Capitulum LXI
143 943 682 1002 De ulterioribus successibus Sobieslai et
141 975 723 1030 tradita concepta qua per quosdam suos debebat inter¬
135 1005 578 1063 fici et de eorum de traditorum extermino
222 1023 716 1081 Nno domini MoCXXXo Meynhardus pragensis
220 1059 704 1112 Episcopus in peregrinacionem Ierosoliman iuit ‧ Et eodem
221 1089 723 1147 anno Sobieslaus cum exercitu ad lotharium regem
