910 1330
210 134 800 191 parte fluminis odre deuastat et destruit ‧ Et abunde procedens
213 175 807 207 ad castrum Beczen ‧ et illo deuastato cum maxima onustus re¬
208 202 821 239 dire disposuit ad propria ‧ Et cum iam rex principem Swatopluk
214 222 809 262 in castrum a se uellet dimittere ‧ Affuit in castrum quidam miles
213 252 791 287 wrssouicensis missus a Iohanne filio Siste wrssouicensi
209 275 792 322 Qui miles dum princeps Swatopluk de curia regis sero
211 302 785 342 redire deberet inter alios se miscuit ‧ et dum peruenisset ad
221 332 786 371 principem inter scapulas eius letifere eum uulnerauit Et ideo
216 358 788 398 ante quam Swatopluk terram attingeret morte preuentus est
209 391 789 436 Similiter miles qui hoc fecerat crudeliter interiit Mortuus
221 414 680 453 est itaque Swatopluk XXo kalendas Octobris ‧
218 421 786 488 De sublimacione Ottonis fratris Swatopluk et
218 454 810 511 Wladislay filiorum ottonis terciogeniti Wladislai
219 493 698 554 primi regis boemie Capitulum LVIm /
237 550 253 570 i
261 515 797 571 Nterfecto itaque Swatopluk multus tota nocte
271 544 798 604 super eum fit planctus ‧ Et mane facto uenit rex lugens
278 575 776 621 compatrem suum et inopinatam mortem ipsius ‧ Et
219 601 809 648 uniuersis comitibus nobilibus regni boemie / qui tunc aderant
218 646 340 677 concessit ut
554 624 782 663 possent quem uellent
219 646 806 701 de filiis Swatopluk Boemie regno preficere ‧ At illi
221 677 800 728 induccione Waczek cuiusdam Baronis de morauia / otto¬
224 704 800 755 nem fratrem dicti swatopluk non obstante eo / quod in elacione
218 733 814 793 et approbacione quondam swatopluk singuli comites et
219 758 813 811 barones / wladislaum fratrem dicti swatopluk post eum in prin¬
222 799 617 839 cipem assumi debere iurauerunt
223 822 820 874 sibi dari in principem pecierunt ‧ Quem ottonem statim rex
220 842 811 899 ad peticionem eorum approbat et collaudat ‧ Sicque infra quattuor
221 874 793 929 dies Otto pragam adueniens ‧ ex eo quod contra iuramentum
223 895 787 963 prestitum et eciam sine consensu hermani episcopi / et fabiani co¬
227 925 798 977 mitis preferri Wyssegradensis electus erat intentum obtinere non
220 945 794 1014 potuit Sed consencientibus approbantibusque cunctis de boemia
226 982 797 1033 Wladislaus frater swatopluk terciogenitus in principem regni
220 1006 798 1059 boemie sublimatur ‧ Vt autem audiuit Borziuoy filius
229 1039 762 1091 et secundogenitus Wratislay primi regis boemie quod
277 1079 469 1120 eius wladislaus
574 1072 798 1123 post obitum fratris sui /
