944 1371
119 128 741 187 Swatopluk principatum regni esset adeptus / continuo perrexit
146 180 752 211 in Srbiam / ad wilbertum sororinum suum / cuius nec non quorumdam
139 206 731 245 de boemia et aliorum suffultus auxilio / Boemie regnum in¬
143 229 718 264 trans in uigilia natiuitatis domini nemine resistente latenter urbem
142 250 752 296 pragensem ingressus est ‧ Vnde factum est quod plures dimissis uxo¬
144 283 745 320 ribus pueris et rebus eorum extra pragam fugam arripiunt ‧
135 311 722 347 aliis qui pro parte Borziuoy fuerant / ibidem manentibus ‧
134 346 734 376 Vbi eciam hermanus presul in palacio suo repertus depre¬
143 363 730 397 henditur et custodie mancipatur ‧ Fabianus uero comes ur¬
135 389 734 428 be Wissergradensi sibi commissa / dimissa similiter aufugit / hinc fit
144 417 744 449 multus tumultus et rumor in regno boemie de nouitabus
141 441 735 477 supradictis / alii pragam confluunt ‧ alii assumptis complicibus suis
142 471 733 508 undique per uillas currunt ipsasque destruunt et deuastant /
139 498 729 533 Et eadem die Borziuoy in castrum Wissegradense se recepit /
138 526 734 563 Altera uero die pragam reuertitur et cum et  magna cleri processione
143 556 717 590 scuscipitur ‧ qui ibidem audita missa iterum Wyssegrad reuertitur
139 587 729 630 Interea eadem nocte otto secundogenitus frater swatopluk cum wa¬
141 608 723 651 czkone Barone prefato de castro hradek cum magno exercitu
141 645 729 674 uenientes circa rokytnik riuulum casta metatus ‧ Altera
138 664 732 699 die castrum Wissegradense ‧ obsederunt / Et ut nullus ingredi et egre¬
138 691 738 727 di posset ‧ posuit circumquaque custodes ‧ Demum post triduum wla¬
130 717 756 764 dislaus predictus de ciuitate plsnensi cum suis pragam ad portas
138 745 735 787 et hominibus armatis munitas ‧ qui loquens ad eos ut ipsum
141 769 714 815 pacifice urbem intrare permitterent ‧ sed a nemine rursum
142 807 723 839 obtinuit ‧ Vnde prouocatus ualde recedit usque ad fluuium
141 821 728 871 Brusswyk ‧ Et ut supercilium montis ascendisset uidit a longe
138 857 724 906 exercitum appropinquare ‧ et missis exploratoribus comperit filium
134 880 721 925 Wilgberti wratislaum tum suis Borziuoy patruo suo
134 914 716 947 in auxilium aduenire ‧ Et licet wladilaus sine pugna
139 929 733 979 preterire uolebat / tamen induccione theodrici filii bozey cum ad¬
138 957 726 1004 uersa parte bellum iniens / ubi wladislaus primus seuit in
138 984 724 1036 hostes / et de ipsis uictor extitit / ac tristem wilgberti
139 1017 741 1063 filium in urbem pragensem fugauit ‧ de cuius gentibus quotquot uul¬
135 1066 223 1095 nerati
273 1045 750 1090 fuerant mortui sunt ‧ Interea dux wladislaus
144 1084 729 1122 frater dicti quondam Swatopluk / et hermanum et sezemam ba¬
140 1107 722 1159 rones suos ad henricum ⸍⸍ regem ‧ qui tunc in Bamberg
