944 1371
136 116 722 173 Et Burbugensi Episcopo committitur puniendus ‧ Anno uero domini Mo¬
142 163 706 199 CXXXIIo lothario in bamberg curiam celebrante Sobie¬
144 193 717 241 slaus affuit ‧ Eo eciam tempore in fuldensi ecclesia sanctus gothardus
146 218 735 259 floruit ‧ lothario romam proficiscente ‧ Sobieslaus Iaromir
142 244 715 285 filium Borziuoy ‧ filii wratislai primi regis boemie cum CCC
139 269 721 305 electis militibus in auxilium destinauit Wratislaus itaque filius
142 296 722 338 odalrici de morauia ‧ supradicti regis Bisse filiam duxit in
135 316 705 355 uxorem ‧ Eodem eciam anno sobieslaus cum suis Boleslaum
139 341 720 382 ducem polonie ad ungariam fugauit ‧ et poloniam cum exerci¬
141 377 718 411 tu intrans ipsam usque ciuitatem ladislauiensem prope prussiam
139 399 719 440 deuastauit et destruxit ‧ et hostibus strennue superatis nec
136 423 708 479 non maxima preda capta letus reuertitur in propria ‧ Iterum anno
141 456 717 498 domini MoCXXXIIIo Sobieslaus cum exercitu suo reintrat
139 474 729 518 poloniam ‧ ultra CCC uillis omnino destrucis et innumerabi¬
142 501 725 557 libus captiuis abductis successu prospero rediit ‧ Et deinde
135 523 744 575 Vngariam transiens regem ibidem iterum a suis hostibus liberauit
135 558 736 602 Deinde anno domini MoCXXXIIIIo Sebieslaus tam exercitu boemie
138 592 708 640 quam morauie congregato reintrat poloniam ‧ et eam usque
134 616 727 664 odram igne ‧ ferro ‧ spoliisque depopulatur ‧ Iterum boemi absque
135 642 708 695 duce suo Sobieslao repetita uice intrant poloniam et post
141 670 707 716 multa dampna multaque exterminia ibi faccta cum innumerabili
147 696 701 746 preda prospere in propria reuertuntur ‧ Eodem eciam tempore Sobieslao
137 713 722 789 procurante Conradus marchio morauie ‧ dominus Snoymensis
145 751 716 815 filius lutholdi fratris odalrici predicti sororem belle regis
134 781 703 836 ungarie accepit uxorem ⸍⸍ Et meynhardus pragensis episcopus
143 811 717 861 uita exuitur et in pragensi ecclesia sepelitur Cui Iohannes Wyssegrandis
149 841 715 901 prepositus in presulatu successit ‧ Qui anno domini MoCXXXVo
137 866 727 929 per Imperatorem approbatur et per Magutinensem achiepiscopum consecra¬
144 899 722 951 tur ‧ Eodem eciam anno nonas Marcii in nisa prius apparue¬
147 930 728 980 runt signa in sole et intuentibus quasi tres soles esse apparuit
149 959 531 1013 usque ad undecimam horam diei /
146 980 728 1037 De ulterioribus successibus Boleslay capitulum LXII
212 1025 731 1062 Nno quo supra uidelicet MoCXXXVo lotharius Imperator
218 1046 699 1091 uolens partes suas interponere ad concordiam
220 1068 741 1128 Sobieslaum principem regni boemie cum boleslao
215 1101 735 1167 duce poloniensi ambos adse uotauit sub Imperiali
