902 1330
199 123 788 180 erat / dudum / miserat ‧ instans nmuneribus et precibus per se ali¬
204 174 781 206 osque suos efficiat regni boemie ‧ principatum sibi restitui ‧
198 197 822 234 Ad quorum monita et rogatus exercitu congregato boemiam
202 225 777 262 ingressus est ‧ permissis duobus principibus suis ‧ uidelicet dypoldo
202 249 772 294 et Berengerio ‧ mandat ut interposita pace ‧ tam Bo¬
202 274 799 311 rziuoy quam wladislaus ‧ et hermanus episcopus pragensis necnon wra¬
200 298 765 345 tislaus filius gilberti cum baronibus boemie ad regem in
200 324 787 370 Rokyczan uillam ueniant ‧ Qui cum iussum regis implessent
198 368 247 400 Rex
318 354 800 398 Borziuoy et filium gilberti utrosque capi pre¬
205 378 760 425 cepit ‧ et hermanum episcopum immunem esse decreuit ‧ Sicque
206 413 775 455 wladislaus predictus / Romanorum regis auxilio boemie regnum
204 433 777 482 adeptus est / et aduersarios suos qui Borziuoy adhe¬
203 454 795 514 serant penarum diuersis suppliciis puniuit ‧ In quos Iohannes
207 488 767 540 filius Tyste ‧ genere wrssouicensis ( de quo superius est mencio )
211 512 777 560 oculis naso et mento priuatus est ‧ Facta sunt hec anno
212 539 697 595 domini Millesimo CXIo Ianuarii kalendas ⸍⸍
210 549 774 627 De dissensionibus wladislai et Ottonis fratrum
208 594 799 655 filiorum ottonis fratris terciogeniti quondam wratisai
213 633 765 688 primi regis boemie et ulterioribus successibus
217 655 753 722 eiusdem wladislai regis boemie capitulum LVII
288 680 786 732 Refatis itaque sic peractis eodem anno inter wla¬
296 711 792 766 dislaum et ottonem fratres grandis est discordia
296 748 772 795 orta ‧ Et taliter ut unus ad alterum absque magna
217 770 788 825 potencia armatorum nullatenus uenire presumeret
215 793 786 849 Qui tamen postea mutuo conueniunt in uilla Tynick et
210 819 784 881 pace in utrosque concepta ac iuramento firmata ‧ recon¬
220 846 792 900 ciliati sunt ‧ Sed tum rancorem mentis seruantes intrinsecus ‧
213 868 791 933 Ita quod Otto reuersus morauiam et tandem IIIIo ydus Iulii
223 901 770 954 eiusdem anni Wladislaus in zaczk curiam celebrat /
223 924 776 978 et ottonem inuitat Qui confisus de pace firmata ‧ fratris
219 959 782 1009 ad curiam accessit ‧ et cum per triduum ibidem mansisset ‧ et re¬
222 965 804 1031 cepta ‧ licencia recedere uoluisset Illico induccione Waczek
227 1017 781 1057 et Bozey wrssouicensium / per fratrem suum capiťur et in custo¬
221 1043 788 1086 dia castri wyssegradensis recluditur Deinde ad castrum Bur¬
220 1060 796 1131 gleys alias krzywoklat iuxta fluuium Misan dure de¬
