905 1330
224 111 783 169 De regime Sobieslay fratris dicti Wladislay
233 154 569 190 eiusque successoribus Capitulum LXm
295 161 794 217 Efuncto itaque Wladislao ‧ filio Ottonis terciogeniti
298 207 806 254 fratris quondam wratislai primi regis boemie Sobiaslaus
307 233 793 273 frater eiusdem wladislay minoris et quartogenitus
221 247 783 303 boemie regno preficitur XVIII kalendas maii ‧ Et licet otto secundo¬
226 284 793 329 genitus et senior frater eius ob huiusmodi causam ipsum plurimum
224 308 784 349 odiret ‧ tamen sibi non potuit resistere ‧ Anno insuper domini Millesimo¬
220 330 792 374 CXXXVIo Sobieslaus princeps regni boemie predictus iuit
225 361 791 406 morauiam ‧ et deposito ottone fratre suo seniore predicto de pro¬
224 383 806 431 uinicia odalrici ‧ filii quondam Conradi ‧ senioris fratris wra¬
223 412 788 456 tislai primi regis boemie ‧ Cui dictus Otto protunc prefuit ‧ wra¬
224 448 520 484 tislaum filium eiusdem odalrici
553 441 800 485 in paternam hereditatem insti¬
230 472 782 515 tuit ‧ et partem dicti ottonis uastauit ‧ Ipse autem otto ad lutherum
227 490 812 533 regem Ratisponam transiens ipsum induxit quod aduersus Sobie¬
227 517 788 556 slaum fortem congregat exercitum ‧ Et una cum ottone transiens
224 541 789 589 boemiam ‧ iuxta opidum nomine chlumek ‧ unde sobieslaus
225 571 785 616 princeps boemie iam suo exercitu similiter adunato paratus ad
230 605 797 639 bellum ‧ de regis primatibus ‧ exceptis scutiferis et aliis co¬
227 627 783 664 mitibus quingentos strauit gladio ‧ Ibidem eciam prefatus Otto
234 647 790 693 interiit et tres tamen de parte pricipis boemie interfecti sunt ‧
232 672 803 721 Rege romanorum et suis uictoriose fugato fertur eciam quod in eodem
233 701 780 750 bello a quibusdam de boemia uisus est sanctus Wenceslaus in albo
234 730 781 776 equo et candida ueste idutus et pro suis pugnans habens in
226 764 789 805 hasta uexillum scancti adalberti martyris apprehensum Et sic
230 782 794 827 tanta habita uictoria tam princeps Sobieslaus quam sui leti
235 813 777 853 reuertuntur ad propria ‧ Eodem eciam anno Stephanus ungarie rex
224 839 795 880 et Sobieslaus conueniunt et pacem inter se firmantes ami¬
223 862 791 907 cabiliter ‧ Et Sobieslaus in reditu suo cepit nepotem suum
229 884 801 934 Wratislaum ‧ filium dicti Odalrici ‧ et duxit in castrum donyn
228 913 799 965 Et deinde post tres menses eundem wratislaum de castro donin
222 939 799 1001 Iaromir deduci precepit ‧ et eum ibidem arta custodia deti¬
230 963 809 1016 neri ‧ Quem tamen postea solutum dimisit redire morauiam ‧
230 994 797 1041 Eodem eciam anno castrum Mrzmida alias pfrimberg ‧ et urbs
229 1021 779 1064 tachow instaurantur de nouo ‧ Similiter in monte Rzip dudum
227 1056 787 1090 destructam Sobieslaus predictus reedificat ecclesiam ‧ quam
227 1074 792 1129 henricus episcopus olomucensis conscrauit ‧ Anno uero domini MoCXVIIo
