949 1369
141 122 696 171 ira comotus ‧ de morauia expulit partem lutoldo
145 159 735 201 quondam filio Conradi senioris primogeniti fratris olim wra¬
138 194 717 224 tislai primi regis boemie ‧ et partem Ottoni et Swato¬
143 216 715 249 pluk filiis quondam odalrici fratris predicti lutoldi distri¬
147 241 723 279 buit ‧ Sobieslaus itaque fugiens Imperatorem accessit instans
145 268 726 302 ut eius auxilio restitueretur ad propria ‧ Sed quia proficere non potuit
139 298 705 335 transiuit poloniam ibique resedit ‧ Coniunx uero Sobieslai
140 319 721 362 consanguinea Stephani regis ungarie ‧ transiuit ungariam
143 352 733 396 et ibidem permansit ‧ Eodem eciam anno wladislaus et otto fratres
142 377 721 416 rogatu Impatoris hencici contra quem quidam princeps sa¬
134 404 730 455 xonum arma commouerat ‧ congregato exercitu transeunt extra boemiam
142 433 724 475 in subsidium cesari ‧ et ultra opidum grosdek sua fixe¬
144 457 744 501 runt tentoria ‧ Ex aduerso uero circa fluuium ‧ Mulde Magutinensis
139 493 726 531 archiepiscopus wilgbertus comes et saxones stabant in cam¬
138 517 715 559 pis inter Imperatoris et wladislai exercitum ‧ Quod con¬
143 539 716 579 siderans wladislaus ‧ et dum Imperator non posset exercitum at
142 566 715 610 tingere totam illam Mysnensem deuastat prouinciam et ad
145 592 708 645 propria reuertitur ‧ Anno uero domini MoCXXIIIIo Borziuoy in
143 618 715 666 ungaria moritur ‧ et perductus pragam sepultus est in ecclesia
149 647 708 694 sancti uiti ‧ Eodem anno Wladislaus ad Imperatorem qui tunc
140 677 714 727 in Bamberg solempnem celebrauit curiam accedit et
144 706 539 757 post uarios tractatus cesar et principum
614 698 715 732 reuertitur
139 726 715 780 ad propria ‧ Eodem eciam anno wladislaus prefatus natalem domini
143 753 724 809 et eciam Epyphanie in uilla Stebna celebrauit ‧ Ibique egrotare
140 781 708 832 cepit et ducitur in urbem Wyssegradensem ‧ Et eo taliter infirmato frater
151 819 720 866 suus Sobieslaus hoc audiens ‧ furtiue intrat boemiam
145 848 614 888 et interposicione Swataue matris eorum relicte quondam
219 867 723 917 Wratislai primi regis boemie ‧ dicti wladislay
142 900 728 953 fratris sui gracie reformatur ‧ Quod otto frater eorum senior sen¬
145 929 723 969 ciens reuersus est tristis morauiam ‧ et pacificati sunt
139 958 535 1003 prefati fratres ‧ Anno domini MoCXXVo in
654 951 720 988 feria quinta
134 983 707 1029 Deinde post octauas pasce secundo Idus aprilis que fuit dominica
139 1006 708 1059 Misericordia ‧ wladistaus prefatus non sine magno planctu
137 1031 708 1090 suorum uitam finiuit ‧ Et sepultus est in ecclesia beate
141 1065 701 1122 marie uirginis monasterii Claudrub ‧ quod ipse
137 1101 419 1146 fundauerat et dotauerat ‧
