899 1335
226 113 799 171 transiens ‧ qui tunc Ratispone erat per fluuium rezen transitum
222 160 788 199 faciens in eodem fluuio submersionis pericula uix euasit ‧ In
220 185 786 216 qua eciam uia ad regis rogatum XX municiones bauarorum
229 211 806 244 destruxit ‧ et sanus boemiam reuertitur ‧ et iuit in castrum glocz
224 236 801 281 multo comitatu suffultus ‧ Eodem eciam tempore idem Sobieslaus uo¬
229 264 804 306 lens ire morauiam comperit quosdam de suis in eius interitum ma¬
219 289 779 322 chinasse ‧ quorum unum deprehendit ‧ et alius per fugam euasit ‧
219 313 800 352 Quem prefatus sobieslaus cum canibus uenaticis tam diu
232 339 797 371 insequtus est ‧ quousque eciam alterum in quadam uilla captiuum
221 362 801 401 detenuit ‧ Qui taliter deprehensi se familiares Miroslai
226 389 792 430 filii Iohannis ‧ comitis et fratris eius minoris strzezimir esse
226 419 785 454 confessi sunt ‧ Et se ad interficiendum sobieslaum datis muneribus
222 449 783 485 destinatos ‧ Sabieslaus itaque hoc audiens Miroslaum
227 475 799 513 et Strzezymir cepit ‧ et secum in castrum Wyssegradense captiuos de¬
221 498 791 535 duxit ‧ Et tandem in presencia magnatum suorum tanti causam faci¬
223 526 805 569 noris suscitatus ‧ ab eis comperit ordinacione et induccione Brze¬
224 552 786 592 tislay nepotis sui ‧ filii predicti Conradi ‧ et Meynhardi
222 578 809 616 episcopi ‧ necnon bozitonis capellani sui ‧ qui omnes Wrssouicenses
228 615 786 648 genere fuerut ‧ tradicionem huiusmodi procurasse ‧ unde prefatorum
227 634 802 667 nobilium suorum dictante sententia ‧ dictus Sobieslaus princeps re¬
221 657 805 699 gni boemie prefatos diuersis penarum afficiens suppliciis
226 689 765 727 Miroslaum et  Strziezymir dimembratim interimens
220 713 803 762 alios duos necnon nepotes Wrssouicensium uidelicet Crwosud we¬
230 739 783 783 czemil ‧ et henricum decolati precepit ‧ Qui iam sic ultimo
227 768 784 810 supplicio deputati dum uita priuantur adest instinctu
216 793 802 844 dyaboli Besek capellanus prefatus ‧ qui similiter capitur et perpetuo
227 822 805 860 carceri detruditur ‧ Facta sunt hec anno predicto IX kalendas Iulii
215 848 800 892 Deinde IIo kalendas Iunii Brzietislaus supradictus filius Conra¬
220 881 801 921 di senioris fratris wratislai primi regis boemie excecatus
226 905 795 945 est ‧ dicto facinore exigente ‧ Eodem eciam dictus wratislaus
220 934 788 982 filius odalrici predicti de captiuitatis uinculis liberatur ‧
220 963 793 1003 Anno uero domini MoCXXXIo Sobieslaus princeps regis boemie
221 993 803 1034 urbem Misa edificauit ‧ similiter iuxta fluuium Nisa urbem
226 1019 807 1066 horzielecz alias gorlicz / quod antea drewnow uocabatur /
221 1045 789 1091 instaurat In quo eciam anno Meynhardus episcopus de Ierosolimis
222 1082 782 1139 reuertitur et de acusato delicto archiepiscopo Magutinensi
