905 1332
226 124 774 189 Eo tempore misere latuerunt ‧ huiusmodi miserę exitum
230 170 771 220 expectantes ‧ Conradus itaque rex ‧ dicti principis bo¬
235 193 782 240 emie et sororis sue permotus rogatu ‧ cum exercitu potenti
224 218 800 271 Boemiam ‧ et abinde Conrado marchione morauie
245 247 796 298 supradicto depulso ‧ wladislaum solio principatus resti¬
229 270 779 317 tuit ‧ et a wladislao magnifice honoratus / ut de
236 297 776 344 cuit / rex Romanorum redit ad propria ‧ hic enim wladi¬
230 324 786 381 slaus sororem dicti conradi romanorum regis ‧ nomine Ge¬
235 348 796 400 thrudam uxorem habuit ‧ Eodem anno wladislaus cum eadem
239 397 354 430 coniuge sua ‧
394 380 795 426 lythomistrihennse et premonstrantensis ‧ strohomense ‧
235 405 794 453 ordinis fundauit cenobia et opulentissime dota¬
242 432 810 474 uerunt ‧ abbatibus et monachis in ipsis canonice institutis
303 459 790 515 Et rexit idem wladislaus boemie regnum
237 482 788 539 usque ad annum domini Mm CLIII ‧ In quo anno rex Con¬
235 514 789 563 radus uiam uniuerse carnis ingressus et fridricus
237 535 785 584 in regem Romanorum est electus Ad quem anno domini Mo C¬
237 561 797 620 LVo wladislaus pergreditur et eius maximum fauorem
233 596 777 644 acquirens filios sobieslai filii Conradi fratris
235 616 782 669 wratislai primi regis boemie nepotes suos in
245 652 808 696 eiusdem ‧ fridrici regis curam committens ut decuit nutri¬
245 669 778 721 endos Deinde anno domini Mo CLVIo Rex fridricus
234 696 794 753 Romanorum progreditur ‧ et wladilaus princeps boemie re¬
241 718 793 780 gni sui rexit feliciter principatum ‧ Deinde anno domini Mo¬
239 748 784 799 CLVIIo Imperator generalem curiam suam celebrans in
237 777 793 835 herbipoli ‧ quod uulgariter dicitur wrczpurg ibidem beatri¬
239 801 795 855 cem filiam ducis Burgundie duxit uxorem ‧ eisdem
242 828 814 882 nupciis wladislaus cum magno nobilium et procerum appara¬
246 856 809 907 tu interfuit ‧ Deinde anno domini Mo CLVIIIo Interposicione
229 888 804 946 Wladislai principis Boemie ‧ Wladislaus nepos eius
237 906 795 965 Marternus polonie dux ducatui suo restituitur ‧ Qui
245 931 796 986 ab eo ducatu suo antea erat expulsus ‧ Deinde
239 963 786 1016 anno domini MoCLIXo Fridricus Imperator solempnem
241 985 790 1041 curiam celebrauit in Ratispona uniuersos princepes
242 1020 777 1072 conuotat tractans ut mediolanenses Imperio rebelles
242 1041 782 1097 exterminent ‧ Ad quod singuli principes obsequendum Im¬
234 1067 786 1126 peratori permittunt ‧ Similiter wladislaus dux boemie
