902 1330
231 108 815 165 qui dum uotum sobieslai quando per decem stadia de Wyssegrad
234 156 804 192 transisset ‧ statim exlatentibus insidiis prorumpunt armati
238 180 782 208 milites ‧ et inuadentes waczek ipsum interficiunt ‧ dira
232 200 814 238 nece ‧ Quo facto Sobieslaus reuersus ad suos scilicet Wladislaum
240 228 801 270 fratrem ualde timens et noleus per syrbiam ad poloniam
240 252 799 305 aufugere ‧ Cum prope dowyn uenissent ‧ per Ekembertum pre¬
236 283 790 325 fectum castri dowyn ‧ quod imperatoris fuit ‧ dolose inuitatur
234 305 804 348 ad castrum ‧ et ab eo nequiter capitur ‧ uinctusque Saxoniam
233 344 377 377 deducitur cuius
421 332 806 372 Baleslaus autem post unum mensem de captiuitate
239 355 824 401 sua ‧ per fugam noctis liberatur tempore ‧ Eodem eciam anno wladislaus
243 386 786 431 fratrem suum secundogenitum ottonem soluit a uinculis et
233 413 808 461 sibi dimidiam partem tocius morauie quam olim post mor¬
240 438 811 483 tem swatopluk primogeniti fratris sui habuerat restituit ‧
237 474 770 513 De reconciliacione Boleslai et ulterioribus
234 501 671 554 successibus wladislay Capitulum LVIII
319 522 784 569 Nno domini MoCXIIIIo In mense Mayo iu¬
318 562 796 597 bente ottone marchione morauie Bozey
317 579 814 625 et gener eius waczek genere Wrssouicenses oculis priuati
237 615 791 659 sunt ‧ Eodem eciam anno Sobieslaus frater Wladislai princi¬
243 638 781 680 pis boemie ‧ quiubusdam polonis secum assumptis /
238 659 788 713 clandestine ueniens prope castrum glocz Ciues ibidem
244 687 787 732 minis et precibus placare nititur ut sibi portas eiusdem
241 710 812 759 urbis aperiant ‧ quibus minime consecientibus Sobieslaus
234 739 812 797 quoddam palacium uetus quod prope murum erat succendit
242 766 793 818 igne unde accidit quod uento circumquaque uolante propugna¬
244 793 800 837 cula circa murum urbis et demum ipsa ciuitas succensa
244 825 794 871 est ‧ Sicque ciues ibidem uidentes ab igne ipsis imminere
243 841 790 893 periculum ‧ treugis secum firmarunt ‧ ut tamen ipsa ciuitas omnino combu¬
243 879 789 920 sta est ‧ castro a Boleslao omnino inexpugnabili perma¬
237 894 790 940 nente ‧ Ipseque Sobieslaus reuertitur sine profectu poloniam ‧
234 920 790 977 Anno itaque domini MCXVo in mense Ianuarii Bo¬
240 943 806 1003 leslaus dux polonie aput auunculum suum wladislaum
234 978 805 1030 principem regni boemie nunciis et literis insistit ut Sobieslaum
235 1003 802 1054 fratrem eius ad graciam suam dignetur assumere ‧ Et tandem wla¬
239 1041 804 1078 dislaus dicti auunculi sui precibus et eciam fraterna pietate per¬
240 1063 795 1115 motus ‧ Sobieslaum fratrem suum pristine gracie sue reformauit ‧
