907 1331
223 115 779 176 conductu ipsis in prouincia Cesaris existetibus Imperator
234 165 795 202 solum inter eos treugis dispositis in aliis perficere non potuit
237 190 789 230 sicque uterque reuertitur ad propria ‧ Anno uero domini MoCXXX¬
225 215 804 259 VIo Imperatori Lothario romam eunti ‧ Sobieslaus exer¬
224 255 795 282 citum suum ‧ cum nepote suo wratislao ‧ filio odalrici predicti
229 267 783 305 iam de captiuitate soluto ‧ sibi in auxilium misit ‧ Deinde
228 291 809 332 anno domini MoCXXXVIIo Rex ungarie bella ‧ cum sobieslao
232 319 813 354 principe regni boemie prefato in metis conuenit ungarie ‧
235 342 784 391 pace firmata reuertitur olomucz ‧ Ibique pascha celebrat ‧
225 369 795 411 Eodem eciam anno Sobieslaus cum Boleslao duce polonie
229 397 804 433 in castro glacz terminum placitorum obseruas ‧ preteritis ini¬
232 426 793 462 miciciis depositis ‧ federe pacis amicabiliter coniuguntur ‧
235 456 783 489 Eodem eciam anno lotharius Imperator mortuus est et in
225 475 807 515 Brunswig sepultus ‧ Postea anno domini MoCXXXVIIIo
226 503 796 545 Conradus in regem Romanorum eligitur ‧ et eo in Bam¬
230 525 796 568 berg solempnem curiam celebrante ‧ Sobieslaus ipsum
233 556 798 592 accedit et ut wladislaus filius sibi in regno boemie
235 589 787 626 succederet obtinuit ‧ Et reuesus ad propria in castro Sacz¬
235 606 767 655 ka Imperatoris collacio de successione wladislay
230 629 795 677 in regno boemie per baronum eiusdem regni sacramento
232 662 780 708 firmatur ‧ Eodem eciam anno Boleslaus filiam suam nomine
228 687 793 729 mariam lupoldo austrie marchioni legitimo coniugio
239 718 791 752 iungit in uxorem et in ciuitate Olomucz nuptias ce¬
231 734 799 778 lebrauit ‧ Deinde anno domini MoCXXXIXo princeps
223 763 793 809 Sobieslaus ab uxore comitis wilgberti plura castra ob¬
241 792 791 837 ligata primitus redemit ‧ et ipsa in quadam silua causa exer¬
235 823 797 856 citu suo manente ‧ per uehementem subito flantem uen¬
236 846 788 885 tum ‧ septem de suis casu arboris mortui sunt ⸍⸍ In quo
238 875 784 912 eciam anno Conradus Romanorum rex filiam Bele regis
230 906 784 945 ungarie in presentia Sobieslai duxit uxorem Deinde
234 920 792 965 non post multas ebdomadas Idem Conradus Romanorum
241 946 788 998 rex Saxones sibi resistentes cum potencia exercitus so¬
232 977 783 1022 bieslai dictioni sue subiecit ‧ Eodem eciam tempore Iohannes
241 992 802 1053 Episcopus pragensis ‧ post multa bona opera finiens uitam in pragensi
235 1027 787 1081 ecclesia sepelitur ‧ Postquam seluester abbas Sasauiensis
241 1051 807 1101 electus est sed nec approbatus nec confirmatus permansit
230 1084 785 1140 Eodem eciam tempore Sobieclaus prouinciam suam
