943 1369
138 118 723 173 Coritmensis quam a polonis obtinuerat intrans et circa fines
144 169 711 199 eiusdem urbem Costan costruxit ‧ et dum operi eius instaret
147 192 711 232 infirmitate tactus ‧ in eodem castro inualescentibus febri¬
132 219 703 254 bus post multos magnificos actus et preclara opera uitam
145 242 711 277 finiens Anno domini MoCXL XVIo kalendis marcii ‧ pragam
133 268 704 306 adductus honorifice sepelitur in wyssegradensi ecclesia populus tocius
144 296 716 334 regni boemie maximis in lamentis fuit ‧ Eodem eciam
144 325 709 358 anno Adylheidis uxor sobieslay similiter decessit XVIIo
135 357 305 392 kalendas octobris /
513 360 686 383 Capitulum LXm
137 383 688 426 De successione wladislay et euis regimine
221 406 704 454 Efuncto itaque Sobieslao wladislaus filius
229 437 707 480 wladislai ducis filii Wratislai assumpsit
229 469 711 514 regni boemie principatum‧ Et accedens ad re¬
133 491 703 540 gem Romanorum Conradum in Bomberg de pricipatu eiusdem
144 515 690 563 regni inuestitur ‧ et letus reuertitur boemiam Deinde anno
132 546 697 586 domini MoCXLIo faccta est magna dissensio ‧ ita quod No¬
135 576 681 628 biliores et potenciores ⸍⸍ Conradum marchionem
141 591 713 641 morauie senioris post eum inter alios fratres eius uidelicet
133 625 705 677 Iaromir et ottonem exaltauit in principem regni boemie ‧
137 653 712 714 parte alia tamen wladislao manente ‧ Vnde factum est quod uterque
138 683 703 736 cum exercitibus suis ad bellum dispositis ‧ per Conradum et
141 709 713 758 suos ‧ wladislai fugatur exercitus ‧ et potenciores utraque
132 738 698 798 parte perierunt ‧ Videns autem wladislaus inualescere Con¬
137 770 697 821 radum ‧ et eius potenciam pragam se transfert et cum theo¬
135 796 696 845 baldo Wyssegradensi prefecto ‧ urbe et castro ad defensionem
132 826 713 874 disposito ad regem romanorum Conradum subsidii causa progre¬
137 859 713 907 ditur ‧ Interea Conradus marchio morauie predictus cum
145 881 706 935 suis ciuitatem obsedit positis machinus balistariis
146 920 707 958 et insidiatoribus innumeris ecclesias et monasteria destruxit
144 940 695 985 et fregit ‧ quibusuis preciosis ornamentis et rebus ex
144 968 717 1022 ipsis fraundulenter abstractis et eciam monasteria sancti geor¬
134 993 702 1042 gii ignis deuastat incendio ‧ de quo omnes reliquie
137 1017 702 1077 preter sancte ludmille corpus consumpta sunt et tanta in
139 1043 715 1103 populo facinora premisit crudelia perpetrari ‧ quam multi tam
145 1089 701 1132 clerici quam layci dimissis propriis omnino omnes sanctimonia¬
139 1118 694 1162 les monasteria eius in speluncis montis Petrzyn /
