7420 10770
1884 1046 7080 1340 Venit ad dictum fratrem suum ducem bohemie bole¬
2008 1306 7008 1592 slaum Quem Starquas monachum dum sanctus
2014 1532 6972 1828 Adelbertus esse fratrem ducis bohemie cognouisset ‧ ipsum
2090 1784 7012 2080 secrete ad se recipiens allocutus est Ex quo te uideo
2072 2046 7104 2320 uirum illustris generis Germanus ducis Bohemie ‧  scire
2076 2292 7072 2564 uelis tot scelera esse gregis michi commisi quod singula
2086 2518 6986 2798 corrigere non ualeo ‧ sed neque hic facere fructum bonum
2014 2758 6996 3022 Nam infidelitas ‧ nequicia populi ‧ incesta ‧ copula et
2052 3008 7048 3276 inconstantis coniugii scelus / inobediencia et negligen¬
2036 3260 7010 3526 cia / cleri superbia / et intollerabilis potencia comi¬
2082 3524 7094 3776 tum et magnatum in plebe mee pragensis diocesis adeo et
2068 3774 7104 4044 totaliter excreuerunt ‧ quod ad eorum emendam et correctionem
2084 4048 7082 4298 debitam sufficere non ualeo Igitur decreui romam
2040 4324 7074 4536 adire apostolicum consulere ‧ et ad peruersum populum
2054 4610 7060 4796 nunquam redire Tu igitur cum sis frater principis
2084 4854 7150 5042 huius terre ‧ forsitan plebs tibi magis quam michi
2072 5078 7000 5284 obediet ‧ et tu consilio et auxilio fratris tui superbos
2088 5328 7098 5534 domare / inobedientes corrigere et infideles poteris
2064 5556 7124 5774 increpare ac ecclesie et gregi suo prodesse utiliter et
2102 5824 7056 6040 preesse Ecce pastoralem bacculum meum in sinu tuo
2094 6092 7002 6272 pono ‧ et episcopatum meum tibi resignare promitto ‧ et
2066 6324 7186 6542 ut litere possit in uita mea ‧ te esse episcopum aput apostolicum
2090 6564 7056 6790 impetrabo / Starquas Uero hoc audito episcopalem
2106 6816 7036 7044 bacculum sancti Adelberti in sinu suo positum ‧ in
2100 7046 7054 7280 terram furibundus abiecit ‧ et dolose subiunxit No¬
2056 7316 7140 7550 lo habere dignitatem in mundo ‧ honores fugio pompas
2044 7562 7150 7788 despicio ‧ indignum me iudico episcopali fastigio Sed neque
2098 7820 7102 8030 tandum pondus pastorale portare sufficio ‧ monach¬
2100 8042 7128 8292 us sum ‧ mortuus sum ‧ et mortuos sepelire non pos¬
2106 8252 7266 8534 sum Que audiens sanctus adelbertus spiritu sancto plenus
