7420 10770
2020 1073 7012 1347 mia de nouo construxit ‧ et sufficienter dotauit
2080 1337 7006 1609 inter quas principalem ‧ et primam ecclesiam sancti Viti
2076 1585 7002 1853 quam pridem sanctus Wentzeslaus in Castro
2106 1853 7042 2105 pragensi edificauerat sublimauit in ecclesiam kathe¬
2064 2097 7086 2325 dralem ‧ quod sic accidit et ad effectum perductum est
2024 2359 7020 2583 Habuit enim sororem germanam nomine Mladam de¬
2072 2595 6944 2843 uotissimam uirginem sanctis scripturis et litteris
2088 2823 7024 3119 eruditam Que dum causa oracionis romam uenisset a
2124 3075 7054 3355 Johanne papa benigne suscipitur ‧ et ab eodem obti¬
2102 3317 7154 3627 nuit erectionem Monasterii sancti Georgii in castro
2142 3583 7062 3835 pragensi ‧ et se ibidem in abbatissam consecrari ‧ qui
2208 3839 7058 4077 papa eandem mladam taliter in abbatissam conse¬
2128 4093 7056 4333 crans mutauit nomen eius uocauitque eam mariam
2126 4361 7010 4587 Et instituit monasterio regulam sancti Benedicti
2082 4617 7096 4851 Quo facto eadem abbatissa sancti Georgi castri pra¬
2168 4863 7012 5087 gensis maria inductione fratris sui prefati pii Boleslai
2164 5119 6968 5325 ducis bohemie a dicto papa obtinuit ecclesiam sancti
2220 5375 6878 5567 Viti quam olim sanctus Wentzeslaus in Castro
2210 5635 6958 5835 pragensi fundauerat ‧ ut premittitur in kathedralem
2210 5881 7022 6083 ecclesiam sublimari ‧ Et tam super sublimatione eiusdem
2250 6107 7058 6345 pragensis ecclesie ‧ quam eciam erectione et confirmatione abba¬
2234 6353 7158 6613 tie et monasterii sanctimonialium sancti Georgii
2236 6609 6864 6875 in castro Pragensi predicto fratri pio boleslao duci
2268 6883 7072 7125 bohemie applicans ‧ portauit literas sub hiis uerbis
2822 7109 7092 7321 Bulla pape de episcopatu et abbatiss boemie
2334 7331 7200 7591 Johannes seruus seruorum dei Boleslao catholice
2326 7571 7140 7837 fidei alumno ‧ apostolicam benedictionem Iustum est be¬
2322 7805 7228 8041 niuolas aures iustis accomodare peticionibus ‧ quia
2300 8025 7264 8287 deus est iusticia et qui diligit deum iustificabuntur ‧
2298 8251 7134 8531 et omnia diligentibus dei iusticia cooperabuntur
1016 2326 1784 2484 Mladam
