7399 10770
350 1009 5446 1356 aliam dicti Starquas esse inentem quam uerba con¬
392 1259 5334 1624 gnoscit ‧ respondit Scias frater quod modo cum bono non
412 1517 5322 1854 facis ‧ facies postea cum maximo malo tuo Post hec
428 1773 5388 2088 prefatus sanctus adelbertus uidens se non posse pro¬
432 2009 5358 2326 ficere ‧ dimissa ecclesia cum grege sibi commisso romam
442 2293 5422 2576 petiit ‧ et apostolicum quid facturus esse consuluit / pa¬
426 2523 5260 2824 pa audiens cas causam aduentus sui dedit uiro
450 2793 5234 3068 sancto licenciam ‧ ut magis liceret sibi sine anime
429 3059 5446 3304 sue periculo exulare quam quod in ecclesia sibi commissa per¬
432 3319 5412 3552 sisteret sine fructu Et sic de indulto apostolico sanctus
414 3551 5380 3820 adelbertus deliberauerat ire Iherusalem ‧ quod tamen perfi¬
416 3829 5490 4064 cere non potuit ‧ Sed postquam nonnulla loca religi¬
408 4063 5466 4310 osa peregre uisitasset ‧ reuersus est Romam ‧ et stetit
430 4329 5628 4577 ibi cum beato Gaudentio fratre suo in monaste¬
380 4603 5554 4794 rio beati Alexii ‧ tamdiu quousque archiepiscopus ma¬
442 4849 5578 5040 guntinensis conspiceret ecclesiam pragensem pastore care¬
414 5109 5204 5290 re ‧ et plebem eius persistere in errore Qui tunc
318 5357 5474 5536 archiepiscopus maguntinensis pro redditu sancti uiri
398 5619 5586 5792 Adelberti ad apostolicum legatos mittit ‧ et litteras ‧
430 5863 5472 6050 Papa uero habito desuper consilio sancto adelberto
380 6108 5516 6300 respondit ‧ hec uerba ‧ Fili si te audierint oues tue ibidem
450 6369 5546 6548 facito fructum bonum Si uero te non audire uolue¬
414 6625 5656 6802 rint declina ab eorum consorciis ‧ et alios Christo lucra¬
398 6879 5408 7052 re Sicque data licencia pape sanctus Adelbertus
454 7121 5732 7290 pragam rediit Et licet ibidem aliquamdiu stetisset ‧
456 7355 5730 7552 nullum tamen fructum in commisso sibi grege facere potuit
520 7617 5576 7792 Iterum romam rediit ‧ et ibi tamdiu stetit in mo¬
410 7847 5602 8016 nasterio sancti Allexii predicto quosque instante
448 8099 5826 8288 iterato Archiepiscopo maguntino aput papam denu¬
418 8355 5646 8534 o redire bohemiam compulsus Sed reuersus pra¬
5693 4290 6562 4461 Gaudenci¬
5770 4480 6528 4634 us frater adal¬
5752 4677 6186 4830 berti ‧
