7420 10770
2948 1114 7184 1496 nno Domini millesimo XXXVII quo supra
2984 1382 7156 1720 dux Brzetislaus ducali paterna colloca¬
3026 1622 7076 1942 tus in sede uir prouidus strenuus et multa
2894 1864 7244 2216 uirtute preclarus ducatum suum cupiens dilata¬
2120 2078 7256 2478 re · et in partes circumuicinas extendere uires suas re¬
2248 2330 7136 2714 gnum Ungarie potenter intrat · et eius regionem
2284 2600 7140 2966 usque urbem Strigoniensem deuastat Propterea pre¬
2248 2866 7176 3184 fatus dux Brzetislaus ex nobili et decora con¬
2236 3086 7140 3458 iuge sua Iuditha quinque elegantissimos filios pro¬
2190 3377 7160 3688 creauit uidelicet Spitigneum Wratislaum Con¬
2186 3604 7118 3922 radum Iaromir et Ottonem · de quibus postea
2254 3870 3882 4024 successiue dicetur
3014 4117 7094 4338 Bella et deuastacio contra Polonos per Brzecislaum
3026 4406 7066 4630 nno Domini millesimo XXXVIII Brzetis¬
3012 4670 7166 4892 laus patrati quondam scelaris in auum
3078 4916 7094 5128 suum Boleslaum per Meskonem ducem polo¬
2976 5148 7016 5366 nie non immemor · congregato exercitu suo
2096 5342 7192 5598 intrat Poloniam · eamque deuastat · et destruit · Cro¬
2176 5608 7128 5866 kaw insigniorem urbem Polonie · strenuus uictor
2138 5862 6984 6136 acquirit · et funditus subuertit · ac ibidem ditissimis
2170 6132 7078 6388 thesaurus et spoliis oneratus ceteas polonie urbes
2158 6380 7046 6620 lucratur succendit et destruit · usque ad castrum Bdek,
2178 6624 7022 6876 ubi castellum terre et hominum maxima multitudo
2166 6870 7100 7126 confugerant Qui dicto duci · et eius exercitui re¬
2228 7126 7032 7372 sistere non ualentes · se gracie sue humiliter sub diderunt;
2172 7368 7012 7632 Quos graciose recipiens misit bohemiam assig¬
2162 7586 7016 7872 nans ipsis partem siluarum in loco Czirni quendam
2150 7848 7006 8100 preuatum inter eos capitaneum et maiorem consti¬
2220 8072 6820 8336 tuens decreuit ut sub ea lege qua in polonia
2192 8314 6980 8594 uixerant permaneant · Qui ab urbe Bdek usque
