7399 10770
462 1012 5258 1432 uerunt misericordem ueniam de commissis Summus
518 1284 5234 1674 pontifex itaque excusationes et peticiones eorum
474 1536 5314 1918 admittens praecepit ac pro satisfacione praemissorum
466 1798 5396 2150 iniunxit · quod prefatus dux bohemie Brzetislaus
460 2022 5334 2376 Collegium canonicorum in Bohemia de bonis suis
529 2282 5458 2631 propriis sufficienter in omni necessitate construeret et de¬
522 2558 5222 2862 coraret Ac quod in eodem collegio persone ecclesiastice
522 2804 5412 3132 ydonee instituerentur · canonice procuraret Qui diuinis
522 3076 5438 3398 laudibus inibi domino perpetue deseruirent Ambasia¬
534 3322 5302 3638 tores itaque ducis bohemie supradicti tam miseri¬
526 3552 5546 3872 cordi et benigna summi pontificis responsione accep¬
538 3836 5430 4096 ta · leti reuertuntur bohemiam · suo principi ea que
514 4102 5442 4348 acciderant per ordinem enarrantes Brzetislaus ue¬
546 4366 5538 4590 ro bohemie dux appostolicum preceptum gratanter accep¬
546 4610 5500 4828 tans · et exequens in urbe Woleslaw sita in lit¬
574 4846 5394 5076 tore albe fluminis sub honore sancti Wentzeslay
574 5120 5474 5334 martiris quondam ducis Bohemie in qua olim idem
608 5372 5522 5578 sanctus Wentzeslaus ab impio fratricida Boles¬
626 5616 5446 5860 lao martirium passus est · solemnem collegiatam ca¬
596 5858 5386 6088 nonicorum fundari construi et decorari procurauit
548 6130 5342 6348 ecclesiam · ea que sibi per appostolicum super premissis in¬
562 6396 5468 6602 iuncta fuerant affectualiter executioni demandans
528 6614 5350 6826 Que Boleslauiensis ecclesia fundata erecta et deco¬
572 6896 5514 7088 rata sicut premititur · usque hodie cerni potest in euidens
628 7160 3342 7338 testimonium premissorum.
1436 7354 5246 7554 De bello imperatoris Henrici contra bohemiam
1432 7594 5434 7834 nno Domini millesimo XL postquam super
1480 7862 5522 8058 translatione predictorum beatorum martirum
1474 8110 5514 8308 de Polonia in bohemiam · Summus ponti¬
1392 8348 5516 8550 fex cum Brzetislo duce Bohemie ut supra
