7399 10770
452 958 5158 1462 huius memoriam rei perpetuam obseruatur Et
454 1224 5348 1716 ob hoc tempore Brzetislaus Odalricum patrem su¬
474 1484 5154 1966 um inducatus regimine usque ad eiusdem patris
570 1750 5380 2172 sui obitum in multis laboribus prouide releuauit
506 1978 5330 2448 Habebat itaque dictus Brzetislaus ex potestate
530 2260 5206 2676 paterna Morauiam quam partim a polonis
500 2510 5430 2960 oppressam · strennuis actibus ab eorum manibus libe¬
554 2774 5370 3212 rauit · et comprehensa multitudine polonorum cen¬
536 3032 5430 3438 tenos cum tentinis cumulans uinctos ungaria mi¬
636 3292 5400 3686 sit · ipsos pecunia uendidit et in seruitutem perpe¬
596 3562 5274 3938 tuam relegauit · Et tamquam sapiens filius patrem
572 3824 5376 4194 releuans in multis laboribus multosque strennuos
560 4090 5362 4436 actus faciens de mandato patris sui uices eius ge¬
556 4376 4126 4682 rens bohemiam feliciter gubernauit.
1254 4598 5248 4888 Anno domini Millesimo ·XXII· facta est
1378 4836 5692 5130 maxima persecutio christianorum in Polonia.
1562 5344 5470 5584 Anno domini millesimo ·XXIII· Ekhar¬
1550 5610 5474 5862 dus Episcopus pragensis obiit ·VI· idus
1580 5922 4432 6130 augusti cui successit Izza.
398 6644 3926 6870 Anno domini millesimo ·XXIIII·
636 7412 3538 7600 Anno domini millesimo ·XXV·
560 8112 3766 8296 Anno domini millesimo ·XXVI·
