7420 10770
1856 1178 6860 1360 gam multomimus quam ante profecit Demum
1852 1424 5524 1596 abinde recessit ad exteras nationes /
4728 1787 5052 1833 Straquas uero monachus de
1586 1803 4662 1848 sup
5152 1791 6968 1895 quo supra est men¬
1902 1922 6926 2122 tio facta postquam sanctum adelbertum pragensem episcopum
1914 2172 6916 2380 iterum exulare uidisset ‧ et cognouisset ipsum ad eccle¬
1998 2432 7008 2648 siam suam hominum sibi commissorum peccatis inualescenti¬
1978 2686 6948 2864 bus nolle redire seductus animo et auaricia tactus
1956 2926 6962 3102 dolositatem suam ‧ qua pridem sanctum uirum decipere nite¬
1974 3182 6964 3346 batur depalians non aaron uocatus adeo ‧ sed temeri¬
1986 3414 7060 3610 tate propria sancti adelberti prefati pragensem cathedralem
2030 3662 7052 3882 sibi usurpare presumpsit ‧ et pro consecratione sua archiepiscopum
1986 3922 7044 4152 maguntinum accedens dum inter duos suffraga¬
1990 4188 6928 4388 neos episcopos ‧ ut moris est consecrationis huiusmodi iaceret in
2038 4450 7042 4630 medio prostratus statim insignum sue indigne conse¬
2042 4698 6906 4860 crationis sue a demonio arreptus ‧ tamdiu uexatur
2048 4930 5382 5114 inaniniter quosque uita pre
2076 5186 7110 5356 copatum pragensem quem pridem per sanctum adelber¬
2086 5416 6988 5602 tum sibi sponte oblatum dolose recipere recusauit po¬
2112 5676 6964 5848 stea dum uoluit digno diuidico infausta morte
2108 5920 7072 6100 preuentus assequi non potuit Sed eius uoluntate te¬
2084 6150 7056 6348 meraria intercepta prefatus sanctus adelbertus quam¬
2060 6412 7150 6612 diu uixit eciam exul et absens pragensis perman¬
2073 6578 6577 6839 sit episcopus De Stephano Rege ungarie
2128 6934 7106 7122 Sanctus itaque Adelbertus Ungariam ueniens eiusque
2100 7184 7180 7356 primum regem sanctum Stephanum baptizauit qui
2128 7404 7028 7584 sanctus Stephanus post obitum sancti Adelberti ‧ in
2098 7632 7168 7814 honore eiusdem sancti adelberti Strigoniensem metro¬
2058 7846 7090 8048 politanam construxit ‧ et sublimauit ecclesiam Sicque
2108 8110 7240 8282 totam pannoniam et poloniam ‧ cui in Gnez¬
2092 8350 7104 8530 nensis ecclesia chathedra beatum Gaudencium fratrem
