<?xml version="1.0" encoding="UTF-8" standalone="yes"?>
<PcGts xmlns="http://schema.primaresearch.org/PAGE/gts/pagecontent/2013-07-15" xmlns:xsi="http://www.w3.org/2001/XMLSchema-instance" xsi:schemaLocation="http://schema.primaresearch.org/PAGE/gts/pagecontent/2013-07-15 http://schema.primaresearch.org/PAGE/gts/pagecontent/2013-07-15/pagecontent.xsd">
    <Metadata>
        <Creator>prov=University of Rostock/Institute of Mathematics/CITlab|PLANET AI GmbH/Tobias Gruening/tobias.gruening@planet-ai.de:name=/net_tf/LA73_249_0mod360.pb:de.uros.citlab.segmentation.CITlab_LA_ML:v=2.6.7
Transkribus</Creator>
        <Created>2022-05-16T14:27:39.824+02:00</Created>
        <LastChange>2025-12-05T10:48:12.140+01:00</LastChange>
    </Metadata>
    <Page imageFilename="11421031_0096_104469049.jpg" imageWidth="7399" imageHeight="10770">
        <ReadingOrder>
            <OrderedGroup id="ro_1765532631452" caption="Regions reading order">
                <RegionRefIndexed index="0" regionRef="r1"/>
            </OrderedGroup>
        </ReadingOrder>
        <TextRegion orientation="0.0" id="r1" custom="readingOrder {index:0;}">
            <Coords points="502,1000 502,8512 5858,8512 5858,1000"/>
            <TextLine id="r1l1" custom="readingOrder {index:0;}">
                <Coords points="530,1420 770,1410 1010,1397 1250,1383 1490,1369 1731,1354 1971,1338 2211,1321 2451,1304 2691,1288 2932,1271 3172,1254 3412,1239 3652,1223 3892,1209 4133,1196 4373,1183 4613,1172 4853,1164 5093,1155 5334,1150 5334,1000 5093,1005 4853,1014 4613,1022 4373,1033 4133,1046 3892,1059 3652,1073 3412,1089 3172,1104 2932,1121 2691,1138 2451,1154 2211,1171 1971,1188 1731,1204 1490,1219 1250,1233 1010,1247 770,1260 530,1270"/>
                <Baseline points="530,1370 770,1360 1010,1347 1250,1333 1490,1319 1731,1304 1971,1288 2211,1271 2451,1254 2691,1238 2932,1221 3172,1204 3412,1189 3652,1173 3892,1159 4133,1146 4373,1133 4613,1122 4853,1114 5093,1105 5334,1100"/>
                <TextEquiv>
                    <Unicode>Odalricum peruenit · Familiares uero sui in</Unicode>
                </TextEquiv>
            </TextLine>
            <TextLine id="r1l2" custom="readingOrder {index:1;}">
                <Coords points="538,1642 788,1630 1038,1617 1289,1604 1539,1590 1790,1575 2040,1559 2290,1544 2541,1529 2791,1512 3042,1496 3292,1482 3542,1466 3793,1453 4043,1440 4294,1428 4544,1417 4794,1407 5045,1398 5295,1392 5546,1388 5546,1238 5295,1242 5045,1248 4794,1257 4544,1267 4294,1278 4043,1290 3793,1303 3542,1316 3292,1332 3042,1346 2791,1362 2541,1379 2290,1394 2040,1409 1790,1425 1539,1440 1289,1454 1038,1467 788,1480 538,1492"/>
                <Baseline points="538,1592 788,1580 1038,1567 1289,1554 1539,1540 1790,1525 2040,1509 2290,1494 2541,1479 2791,1462 3042,1446 3292,1432 3542,1416 3793,1403 4043,1390 4294,1378 4544,1367 4794,1357 5045,1348 5295,1342 5546,1338"/>
                <TextEquiv>
                    <Unicode>dicto monasterio comprehensi miserabiliter tormen¬</Unicode>
                </TextEquiv>
            </TextLine>
            <TextLine id="r1l3" custom="readingOrder {index:2;}">
                <Coords points="590,1892 834,1875 1079,1860 1323,1843 1568,1828 1813,1813 2057,1800 2302,1785 2546,1770 2791,1757 3036,1742 3280,1730 3525,1716 3769,1703 4014,1690 4259,1677 4503,1664 4748,1651 4992,1637 5237,1625 5482,1612 5482,1462 5237,1475 4992,1487 4748,1501 4503,1514 4259,1527 4014,1540 3769,1553 3525,1566 3280,1580 3036,1592 2791,1607 2546,1620 2302,1635 2057,1650 1813,1663 1568,1678 1323,1693 1079,1710 834,1725 590,1742"/>
                <Baseline points="590,1842 834,1825 1079,1810 1323,1793 1568,1778 1813,1763 2057,1750 2302,1735 2546,1720 2791,1707 3036,1692 3280,1680 3525,1666 3769,1653 4014,1640 4259,1627 4503,1614 4748,1601 4992,1587 5237,1575 5482,1562"/>
                <TextEquiv>
                    <Unicode>tati sunt et crudeliter interfecti · Brzetislaus</Unicode>
                </TextEquiv>
            </TextLine>
            <TextLine id="r1l4" custom="readingOrder {index:3;}">
                <Coords points="526,2138 779,2124 1033,2110 1287,2094 1541,2081 1795,2066 2048,2051 2302,2037 2556,2024 2810,2009 3064,1996 3317,1983 3571,1971 3825,1960 4079,1949 4333,1938 4586,1928 4840,1920 5094,1913 5348,1906 5602,1900 5602,1750 5348,1756 5094,1763 4840,1770 4586,1778 4333,1788 4079,1799 3825,1810 3571,1821 3317,1833 3064,1846 2810,1859 2556,1874 2302,1887 2048,1901 1795,1916 1541,1931 1287,1944 1033,1960 779,1974 526,1988"/>
                <Baseline points="526,2088 779,2074 1033,2060 1287,2044 1541,2031 1795,2016 2048,2001 2302,1987 2556,1974 2810,1959 3064,1946 3317,1933 3571,1921 3825,1910 4079,1899 4333,1888 4586,1878 4840,1870 5094,1863 5348,1856 5602,1850"/>
                <TextEquiv>
                    <Unicode>itaque patri suo que gesta fuerant retulit · et accep¬</Unicode>
                </TextEquiv>
            </TextLine>
            <TextLine id="r1l5" custom="readingOrder {index:4;}">
                <Coords points="546,2368 791,2355 1036,2344 1282,2333 1527,2320 1773,2310 2018,2298 2263,2288 2509,2276 2754,2266 3000,2256 3245,2245 3490,2235 3736,2224 3981,2213 4227,2202 4472,2190 4717,2179 4963,2168 5208,2155 5454,2142 5454,1992 5208,2005 4963,2018 4717,2029 4472,2040 4227,2052 3981,2063 3736,2074 3490,2085 3245,2095 3000,2106 2754,2116 2509,2126 2263,2138 2018,2148 1773,2160 1527,2170 1282,2183 1036,2194 791,2205 546,2218"/>
                <Baseline points="546,2318 791,2305 1036,2294 1282,2283 1527,2270 1773,2260 2018,2248 2263,2238 2509,2226 2754,2216 3000,2206 3245,2195 3490,2185 3736,2174 3981,2163 4227,2152 4472,2140 4717,2129 4963,2118 5208,2105 5454,2092"/>
                <TextEquiv>
                    <Unicode>ta licencia transiuit Morauiam procurans sibi</Unicode>
                </TextEquiv>
            </TextLine>
            <TextLine id="r1l6" custom="readingOrder {index:5;}">
                <Coords points="548,2630 798,2617 1048,2602 1298,2589 1549,2577 1799,2564 2049,2552 2300,2539 2550,2530 2800,2518 3051,2508 3301,2497 3551,2488 3801,2479 4052,2470 4302,2462 4552,2455 4803,2448 5053,2442 5303,2438 5554,2434 5554,2284 5303,2288 5053,2292 4803,2298 4552,2305 4302,2312 4052,2320 3801,2329 3551,2338 3301,2347 3051,2358 2800,2368 2550,2380 2300,2389 2049,2402 1799,2414 1549,2427 1298,2439 1048,2452 798,2467 548,2480"/>
                <Baseline points="548,2580 798,2567 1048,2552 1298,2539 1549,2527 1799,2514 2049,2502 2300,2489 2550,2480 2800,2468 3051,2458 3301,2447 3551,2438 3801,2429 4052,2420 4302,2412 4552,2405 4803,2398 5053,2392 5303,2388 5554,2384"/>
                <TextEquiv>
                    <Unicode>uirginem suam Iuditham matrimonialiter co¬</Unicode>
                </TextEquiv>
            </TextLine>
            <TextLine id="r1l7" custom="readingOrder {index:6;}">
                <Coords points="572,2892 817,2876 1063,2859 1308,2844 1554,2831 1799,2817 2045,2803 2290,2792 2536,2778 2781,2767 3027,2755 3272,2745 3518,2734 3763,2726 4009,2716 4254,2705 4500,2697 4745,2689 4991,2680 5236,2672 5482,2664 5482,2514 5236,2522 4991,2530 4745,2539 4500,2547 4254,2555 4009,2566 3763,2576 3518,2584 3272,2595 3027,2605 2781,2617 2536,2628 2290,2642 2045,2653 1799,2667 1554,2681 1308,2694 1063,2709 817,2726 572,2742"/>
                <Baseline points="572,2842 817,2826 1063,2809 1308,2794 1554,2781 1799,2767 2045,2753 2290,2742 2536,2728 2781,2717 3027,2705 3272,2695 3518,2684 3763,2676 4009,2666 4254,2655 4500,2647 4745,2639 4991,2630 5236,2622 5482,2614"/>
                <TextEquiv>
                    <Unicode>pulari Preterea imperator Otto percipiens</Unicode>
                </TextEquiv>
            </TextLine>
            <TextLine id="r1l8" custom="readingOrder {index:7;}">
                <Coords points="564,3128 812,3111 1061,3094 1310,3080 1559,3066 1808,3055 2057,3043 2306,3032 2555,3023 2804,3014 3053,3006 3301,2998 3550,2989 3799,2981 4048,2972 4297,2963 4546,2952 4795,2943 5044,2930 5293,2918 5542,2906 5542,2756 5293,2768 5044,2780 4795,2793 4546,2802 4297,2813 4048,2822 3799,2831 3550,2839 3301,2848 3053,2856 2804,2864 2555,2873 2306,2882 2057,2893 1808,2905 1559,2916 1310,2930 1061,2944 812,2961 564,2978"/>
                <Baseline points="564,3078 812,3061 1061,3044 1310,3030 1559,3016 1808,3005 2057,2993 2306,2982 2555,2973 2804,2964 3053,2956 3301,2948 3550,2939 3799,2931 4048,2922 4297,2913 4546,2902 4795,2893 5044,2880 5293,2868 5542,2856"/>
                <TextEquiv>
                    <Unicode>filiam suam Iuditham per Brzetislaum filium</Unicode>
                </TextEquiv>
            </TextLine>
            <TextLine id="r1l9" custom="readingOrder {index:8;}">
                <Coords points="546,3370 791,3355 1036,3343 1282,3330 1527,3319 1773,3309 2018,3299 2263,3290 2509,3281 2754,3272 3000,3263 3245,3254 3490,3246 3736,3238 3981,3229 4227,3218 4472,3208 4717,3198 4963,3186 5208,3174 5454,3162 5454,3012 5208,3024 4963,3036 4717,3048 4472,3058 4227,3068 3981,3079 3736,3088 3490,3096 3245,3104 3000,3113 2754,3122 2509,3131 2263,3140 2018,3149 1773,3159 1527,3169 1282,3180 1036,3193 791,3205 546,3220"/>
                <Baseline points="546,3320 791,3305 1036,3293 1282,3280 1527,3269 1773,3259 2018,3249 2263,3240 2509,3231 2754,3222 3000,3213 3245,3204 3490,3196 3736,3188 3981,3179 4227,3168 4472,3158 4717,3148 4963,3136 5208,3124 5454,3112"/>
                <TextEquiv>
                    <Unicode>ducis Bohemie raptam esse · indignatus ualde</Unicode>
                </TextEquiv>
            </TextLine>
            <TextLine id="r1l10" custom="readingOrder {index:9;}">
                <Coords points="540,3600 791,3591 1042,3582 1293,3573 1545,3566 1796,3556 2047,3548 2299,3538 2550,3530 2801,3520 3053,3512 3304,3504 3555,3496 3806,3489 4058,3480 4309,3473 4560,3465 4812,3458 5063,3450 5314,3444 5566,3438 5566,3288 5314,3294 5063,3300 4812,3308 4560,3315 4309,3323 4058,3330 3806,3339 3555,3346 3304,3354 3053,3362 2801,3370 2550,3380 2299,3388 2047,3398 1796,3406 1545,3416 1293,3423 1042,3432 791,3441 540,3450"/>
                <Baseline points="540,3550 791,3541 1042,3532 1293,3523 1545,3516 1796,3506 2047,3498 2299,3488 2550,3480 2801,3470 3053,3462 3304,3454 3555,3446 3806,3439 4058,3430 4309,3423 4560,3415 4812,3408 5063,3400 5314,3394 5566,3388"/>
                <TextEquiv>
                    <Unicode>iuramento firmauit · quod uel mortem subiret uel</Unicode>
                </TextEquiv>
            </TextLine>
            <TextLine id="r1l11" custom="readingOrder {index:10;}">
                <Coords points="558,3824 806,3817 1054,3810 1303,3804 1551,3798 1800,3792 2048,3788 2296,3782 2545,3776 2793,3772 3042,3765 3290,3758 3538,3751 3787,3745 4035,3737 4284,3727 4532,3718 4780,3707 5029,3696 5277,3683 5526,3668 5526,3518 5277,3533 5029,3546 4780,3557 4532,3568 4284,3577 4035,3587 3787,3595 3538,3601 3290,3608 3042,3615 2793,3622 2545,3626 2296,3632 2048,3638 1800,3642 1551,3648 1303,3654 1054,3660 806,3667 558,3674"/>
                <Baseline points="558,3774 806,3767 1054,3760 1303,3754 1551,3748 1800,3742 2048,3738 2296,3732 2545,3726 2793,3722 3042,3715 3290,3708 3538,3701 3787,3695 4035,3687 4284,3677 4532,3668 4780,3657 5029,3646 5277,3633 5526,3618"/>
                <TextEquiv>
                    <Unicode>subiugata bohemia · imperialem sedem suam in du¬</Unicode>
                </TextEquiv>
            </TextLine>
            <TextLine id="r1l12" custom="readingOrder {index:11;}">
                <Coords points="532,4072 783,4065 1035,4058 1287,4052 1539,4046 1791,4040 2043,4034 2295,4029 2547,4024 2799,4018 3051,4013 3302,4008 3554,4002 3806,3996 4058,3992 4310,3985 4562,3980 4814,3973 5066,3966 5318,3960 5570,3952 5570,3802 5318,3810 5066,3816 4814,3823 4562,3830 4310,3835 4058,3842 3806,3846 3554,3852 3302,3858 3051,3863 2799,3868 2547,3874 2295,3879 2043,3884 1791,3890 1539,3896 1287,3902 1035,3908 783,3915 532,3922"/>
                <Baseline points="532,4022 783,4015 1035,4008 1287,4002 1539,3996 1791,3990 2043,3984 2295,3979 2547,3974 2799,3968 3051,3963 3302,3958 3554,3952 3806,3946 4058,3942 4310,3935 4562,3930 4814,3923 5066,3916 5318,3910 5570,3902"/>
                <TextEquiv>
                    <Unicode>catus medio collocaret Ex aduerso uero iuue¬</Unicode>
                </TextEquiv>
            </TextLine>
            <TextLine id="r1l13" custom="readingOrder {index:12;}">
                <Coords points="530,4312 786,4308 1043,4304 1300,4302 1557,4298 1814,4296 2070,4292 2327,4290 2584,4287 2841,4284 3098,4280 3354,4276 3611,4272 3868,4266 4125,4260 4382,4253 4638,4244 4895,4233 5152,4223 5409,4210 5666,4194 5666,4044 5409,4060 5152,4073 4895,4083 4638,4094 4382,4103 4125,4110 3868,4116 3611,4122 3354,4126 3098,4130 2841,4134 2584,4137 2327,4140 2070,4142 1814,4146 1557,4148 1300,4152 1043,4154 786,4158 530,4162"/>
                <Baseline points="530,4262 786,4258 1043,4254 1300,4252 1557,4248 1814,4246 2070,4242 2327,4240 2584,4237 2841,4234 3098,4230 3354,4226 3611,4222 3868,4216 4125,4210 4382,4203 4638,4194 4895,4183 5152,4173 5409,4160 5666,4144"/>
                <TextEquiv>
                    <Unicode>nis bohemie dux magnanimus prestitit iuramentum</Unicode>
                </TextEquiv>
            </TextLine>
            <TextLine id="r1l14" custom="readingOrder {index:13;}">
                <Coords points="532,4576 794,4570 1056,4564 1318,4560 1581,4554 1843,4548 2105,4542 2368,4536 2630,4531 2892,4526 3155,4520 3417,4514 3679,4510 3941,4506 4204,4500 4466,4496 4728,4494 4991,4490 5253,4488 5515,4486 5778,4484 5778,4334 5515,4336 5253,4338 4991,4340 4728,4344 4466,4346 4204,4350 3941,4356 3679,4360 3417,4364 3155,4370 2892,4376 2630,4381 2368,4386 2105,4392 1843,4398 1581,4404 1318,4410 1056,4414 794,4420 532,4426"/>
                <Baseline points="532,4526 794,4520 1056,4514 1318,4510 1581,4504 1843,4498 2105,4492 2368,4486 2630,4481 2892,4476 3155,4470 3417,4464 3679,4460 3941,4456 4204,4450 4466,4446 4728,4444 4991,4440 5253,4438 5515,4436 5778,4434"/>
                <TextEquiv>
                    <Unicode>quod nisi morte preuentus tam grande cesari dam¬</Unicode>
                </TextEquiv>
            </TextLine>
            <TextLine id="r1l15" custom="readingOrder {index:14;}">
                <Coords points="502,4804 760,4802 1018,4800 1277,4798 1535,4796 1794,4792 2052,4790 2310,4786 2569,4782 2827,4778 3086,4774 3344,4769 3602,4764 3861,4760 4119,4754 4377,4749 4636,4744 4894,4738 5153,4734 5411,4728 5670,4724 5670,4574 5411,4578 5153,4584 4894,4588 4636,4594 4377,4599 4119,4604 3861,4610 3602,4614 3344,4619 3086,4624 2827,4628 2569,4632 2310,4636 2052,4640 1794,4642 1535,4646 1277,4648 1018,4650 760,4652 502,4654"/>
                <Baseline points="502,4754 760,4752 1018,4750 1277,4748 1535,4746 1794,4742 2052,4740 2310,4736 2569,4732 2827,4728 3086,4724 3344,4719 3602,4714 3861,4710 4119,4704 4377,4699 4636,4694 4894,4688 5153,4684 5411,4678 5670,4674"/>
                <TextEquiv>
                    <Unicode>num inferet damnum quod de hoc imperator · et im¬</Unicode>
                </TextEquiv>
            </TextLine>
            <TextLine id="r1l17" custom="readingOrder {index:15;}">
                <Coords points="535,5007 719,5005 903,5005 1087,5005 1271,5005 1455,5005 1639,5005 1823,5005 2007,5005 2191,5005 2375,5005 2559,5005 2743,5003 2927,5001 3111,4999 3295,4995 3479,4991 3663,4985 3847,4979 4031,4972 5720,4948 5720,4798 4031,4822 3847,4829 3663,4835 3479,4841 3295,4845 3111,4849 2927,4851 2743,4853 2559,4855 2375,4855 2191,4855 2007,4855 1823,4855 1639,4855 1455,4855 1271,4855 1087,4855 903,4855 719,4855 535,4857"/>
                <Baseline points="580,4992 764,4990 948,4990 1132,4990 1316,4990 1500,4990 1684,4990 1868,4990 2052,4990 2236,4990 2420,4990 2604,4990 2788,4988 2972,4986 3156,4984 3340,4980 3524,4976 3708,4970 3892,4964 4076,4957 4260,4948"/>
                <TextEquiv>
                    <Unicode>peruim iacturam perpetuam sustinerent Ex quo fit</Unicode>
                </TextEquiv>
            </TextLine>
            <TextLine id="r1l18" custom="readingOrder {index:16;}">
                <Coords points="548,5304 805,5302 1063,5302 1321,5300 1578,5298 1836,5296 2094,5294 2351,5292 2609,5290 2867,5286 3125,5282 3382,5280 3640,5274 3898,5270 4155,5264 4413,5259 4671,5253 4928,5246 5186,5238 5444,5230 5702,5222 5702,5072 5444,5080 5186,5088 4928,5096 4671,5103 4413,5109 4155,5114 3898,5120 3640,5124 3382,5130 3125,5132 2867,5136 2609,5140 2351,5142 2094,5144 1836,5146 1578,5148 1321,5150 1063,5152 805,5152 548,5154"/>
                <Baseline points="548,5254 805,5252 1063,5252 1321,5250 1578,5248 1836,5246 2094,5244 2351,5242 2609,5240 2867,5236 3125,5232 3382,5230 3640,5224 3898,5220 4155,5214 4413,5209 4671,5203 4928,5196 5186,5188 5444,5180 5702,5172"/>
                <TextEquiv>
                    <Unicode>quod imperator exercitu congregato potenti · bohemiam</Unicode>
                </TextEquiv>
            </TextLine>
            <TextLine id="r1l19" custom="readingOrder {index:17;}">
                <Coords points="548,5530 811,5534 1075,5536 1338,5536 1602,5536 1866,5534 2129,5532 2393,5529 2656,5526 2920,5522 3184,5518 3447,5514 3711,5510 3974,5508 4238,5504 4502,5504 4765,5502 5029,5504 5292,5506 5556,5509 5820,5514 5820,5364 5556,5359 5292,5356 5029,5354 4765,5352 4502,5354 4238,5354 3974,5358 3711,5360 3447,5364 3184,5368 2920,5372 2656,5376 2393,5379 2129,5382 1866,5384 1602,5386 1338,5386 1075,5386 811,5384 548,5380"/>
                <Baseline points="548,5480 811,5484 1075,5486 1338,5486 1602,5486 1866,5484 2129,5482 2393,5479 2656,5476 2920,5472 3184,5468 3447,5464 3711,5460 3974,5458 4238,5454 4502,5454 4765,5452 5029,5454 5292,5456 5556,5459 5820,5464"/>
                <TextEquiv>
                    <Unicode>nititur inuadere Et econuerso bohemie dux nec</Unicode>
                </TextEquiv>
            </TextLine>
            <TextLine id="r1l20" custom="readingOrder {index:18;}">
                <Coords points="546,5756 802,5762 1058,5766 1314,5770 1570,5772 1827,5774 2083,5774 2339,5774 2595,5772 2851,5770 3108,5768 3364,5766 3620,5763 3876,5760 4132,5757 4389,5754 4645,5752 4901,5750 5157,5748 5413,5746 5670,5746 5670,5596 5413,5596 5157,5598 4901,5600 4645,5602 4389,5604 4132,5607 3876,5610 3620,5613 3364,5616 3108,5618 2851,5620 2595,5622 2339,5624 2083,5624 1827,5624 1570,5622 1314,5620 1058,5616 802,5612 546,5606"/>
                <Baseline points="546,5706 802,5712 1058,5716 1314,5720 1570,5722 1827,5724 2083,5724 2339,5724 2595,5722 2851,5720 3108,5718 3364,5716 3620,5713 3876,5710 4132,5707 4389,5704 4645,5702 4901,5700 5157,5698 5413,5696 5670,5696"/>
                <TextEquiv>
                    <Unicode>non Brzetislaus filius eius cum gentibus suis</Unicode>
                </TextEquiv>
            </TextLine>
            <TextLine id="r1l21" custom="readingOrder {index:19;}">
                <Coords points="516,6028 783,6032 1050,6033 1317,6034 1584,6032 1851,6032 2118,6028 2385,6026 2652,6022 2919,6020 3187,6016 3454,6012 3721,6008 3988,6004 4255,6000 4522,5998 4789,5996 5056,5996 5323,5996 5590,5996 5858,5998 5858,5848 5590,5846 5323,5846 5056,5846 4789,5846 4522,5848 4255,5850 3988,5854 3721,5858 3454,5862 3187,5866 2919,5870 2652,5872 2385,5876 2118,5878 1851,5882 1584,5882 1317,5884 1050,5883 783,5882 516,5878"/>
                <Baseline points="516,5978 783,5982 1050,5983 1317,5984 1584,5982 1851,5982 2118,5978 2385,5976 2652,5972 2919,5970 3187,5966 3454,5962 3721,5958 3988,5954 4255,5950 4522,5948 4789,5946 5056,5946 5323,5946 5590,5946 5858,5948"/>
                <TextEquiv>
                    <Unicode>ad resistendum cesari uiriliter se disponunt Et postquam</Unicode>
                </TextEquiv>
            </TextLine>
            <TextLine id="r1l22" custom="readingOrder {index:20;}">
                <Coords points="534,6264 793,6272 1053,6278 1313,6282 1572,6284 1832,6284 2092,6284 2351,6282 2611,6278 2871,6274 3131,6270 3390,6266 3650,6260 3910,6256 4169,6250 4429,6246 4689,6242 4948,6240 5208,6238 5468,6238 5728,6238 5728,6088 5468,6088 5208,6088 4948,6090 4689,6092 4429,6096 4169,6100 3910,6106 3650,6110 3390,6116 3131,6120 2871,6124 2611,6128 2351,6132 2092,6134 1832,6134 1572,6134 1313,6132 1053,6128 793,6122 534,6114"/>
                <Baseline points="534,6214 793,6222 1053,6228 1313,6232 1572,6234 1832,6234 2092,6234 2351,6232 2611,6228 2871,6224 3131,6220 3390,6216 3650,6210 3910,6206 4169,6200 4429,6196 4689,6192 4948,6190 5208,6188 5468,6188 5728,6188"/>
                <TextEquiv>
                    <Unicode>iam uterque tam imperator quam bohemie dux · cum</Unicode>
                </TextEquiv>
            </TextLine>
            <TextLine id="r1l23" custom="readingOrder {index:21;}">
                <Coords points="574,6522 833,6525 1092,6526 1352,6528 1611,6528 1871,6528 2130,6528 2389,6526 2649,6526 2908,6524 3168,6522 3427,6520 3686,6518 3946,6517 4205,6516 4464,6514 4724,6514 4983,6514 5243,6514 5502,6516 5762,6518 5762,6368 5502,6366 5243,6364 4983,6364 4724,6364 4464,6364 4205,6366 3946,6367 3686,6368 3427,6370 3168,6372 2908,6374 2649,6376 2389,6376 2130,6378 1871,6378 1611,6378 1352,6378 1092,6376 833,6375 574,6372"/>
                <Baseline points="574,6472 833,6475 1092,6476 1352,6478 1611,6478 1871,6478 2130,6478 2389,6476 2649,6476 2908,6474 3168,6472 3427,6470 3686,6468 3946,6467 4205,6466 4464,6464 4724,6464 4983,6464 5243,6464 5502,6466 5762,6468"/>
                <TextEquiv>
                    <Unicode>exercitibus suis starent in campis · prefata domina</Unicode>
                </TextEquiv>
            </TextLine>
            <TextLine id="r1l24" custom="readingOrder {index:22;}">
                <Coords points="526,6758 781,6764 1036,6768 1292,6771 1547,6774 1803,6774 2058,6774 2313,6774 2569,6772 2824,6772 3080,6770 3335,6768 3590,6766 3846,6764 4101,6762 4357,6762 4612,6762 4867,6762 5123,6764 5378,6766 5634,6770 5634,6620 5378,6616 5123,6614 4867,6612 4612,6612 4357,6612 4101,6612 3846,6614 3590,6616 3335,6618 3080,6620 2824,6622 2569,6622 2313,6624 2058,6624 1803,6624 1547,6624 1292,6621 1036,6618 781,6614 526,6608"/>
                <Baseline points="526,6708 781,6714 1036,6718 1292,6721 1547,6724 1803,6724 2058,6724 2313,6724 2569,6722 2824,6722 3080,6720 3335,6718 3590,6716 3846,6714 4101,6712 4357,6712 4612,6712 4867,6712 5123,6714 5378,6716 5634,6720"/>
                <TextEquiv>
                    <Unicode>Iuditha filia imperatoris et uxor ducis predicti ·</Unicode>
                </TextEquiv>
            </TextLine>
            <TextLine id="r1l25" custom="readingOrder {index:23;}">
                <Coords points="642,7014 895,7022 1148,7029 1402,7034 1655,7038 1909,7040 2162,7041 2415,7042 2669,7040 2922,7038 3176,7037 3429,7034 3682,7032 3936,7030 4189,7026 4443,7024 4696,7022 4949,7022 5203,7020 5456,7020 5710,7022 5710,6872 5456,6870 5203,6870 4949,6872 4696,6872 4443,6874 4189,6876 3936,6880 3682,6882 3429,6884 3176,6887 2922,6888 2669,6890 2415,6892 2162,6891 1909,6890 1655,6888 1402,6884 1148,6879 895,6872 642,6864"/>
                <Baseline points="642,6964 895,6972 1148,6979 1402,6984 1655,6988 1909,6990 2162,6991 2415,6992 2669,6990 2922,6988 3176,6987 3429,6984 3682,6982 3936,6980 4189,6976 4443,6974 4696,6972 4949,6972 5203,6970 5456,6970 5710,6972"/>
                <TextEquiv>
                    <Unicode>femina prudens et prouida · concepit in animo</Unicode>
                </TextEquiv>
            </TextLine>
            <TextLine id="r1l26" custom="readingOrder {index:24;}">
                <Coords points="596,7262 846,7270 1097,7276 1347,7281 1598,7284 1848,7286 2099,7286 2349,7286 2600,7286 2850,7284 3101,7281 3351,7278 3602,7274 3852,7270 4103,7266 4353,7262 4604,7259 4854,7256 5105,7252 5355,7250 5606,7248 5606,7098 5355,7100 5105,7102 4854,7106 4604,7109 4353,7112 4103,7116 3852,7120 3602,7124 3351,7128 3101,7131 2850,7134 2600,7136 2349,7136 2099,7136 1848,7136 1598,7134 1347,7131 1097,7126 846,7120 596,7112"/>
                <Baseline points="596,7212 846,7220 1097,7226 1347,7231 1598,7234 1848,7236 2099,7236 2349,7236 2600,7236 2850,7234 3101,7231 3351,7228 3602,7224 3852,7220 4103,7216 4353,7212 4604,7209 4854,7206 5105,7202 5355,7200 5606,7198"/>
                <TextEquiv>
                    <Unicode>qualiter huiusmodi grandes inimicicias inter</Unicode>
                </TextEquiv>
            </TextLine>
            <TextLine id="r1l27" custom="readingOrder {index:25;}">
                <Coords points="646,7508 896,7521 1146,7532 1396,7540 1646,7546 1897,7548 2147,7550 2397,7548 2647,7546 2897,7543 3148,7538 3398,7534 3648,7530 3898,7524 4148,7520 4399,7516 4649,7512 4899,7510 5149,7510 5399,7510 5650,7514 5650,7364 5399,7360 5149,7360 4899,7360 4649,7362 4399,7366 4148,7370 3898,7374 3648,7380 3398,7384 3148,7388 2897,7393 2647,7396 2397,7398 2147,7400 1897,7398 1646,7396 1396,7390 1146,7382 896,7371 646,7358"/>
                <Baseline points="646,7458 896,7471 1146,7482 1396,7490 1646,7496 1897,7498 2147,7500 2397,7498 2647,7496 2897,7493 3148,7488 3398,7484 3648,7480 3898,7474 4148,7470 4399,7466 4649,7462 4899,7460 5149,7460 5399,7460 5650,7464"/>
                <TextEquiv>
                    <Unicode>tam propinquos affines interciperet · et omnino se¬</Unicode>
                </TextEquiv>
            </TextLine>
            <TextLine id="r1l28" custom="readingOrder {index:26;}">
                <Coords points="574,7746 829,7763 1085,7778 1340,7788 1596,7794 1852,7798 2107,7800 2363,7798 2618,7796 2874,7792 3130,7786 3385,7780 3641,7773 3896,7766 4152,7759 4408,7754 4663,7748 4919,7744 5174,7742 5430,7742 5686,7744 5686,7594 5430,7592 5174,7592 4919,7594 4663,7598 4408,7604 4152,7609 3896,7616 3641,7623 3385,7630 3130,7636 2874,7642 2618,7646 2363,7648 2107,7650 1852,7648 1596,7644 1340,7638 1085,7628 829,7613 574,7596"/>
                <Baseline points="574,7696 829,7713 1085,7728 1340,7738 1596,7744 1852,7748 2107,7750 2363,7748 2618,7746 2874,7742 3130,7736 3385,7730 3641,7723 3896,7716 4152,7709 4408,7704 4663,7698 4919,7694 5174,7692 5430,7692 5686,7694"/>
                <TextEquiv>
                    <Unicode>daret Ac tandem ab imperatore securitatis con¬</Unicode>
                </TextEquiv>
            </TextLine>
            <TextLine id="r1l29" custom="readingOrder {index:27;}">
                <Coords points="580,7976 833,7986 1087,7994 1341,8002 1595,8008 1849,8012 2102,8016 2356,8018 2610,8018 2864,8020 3118,8020 3371,8018 3625,8018 3879,8016 4133,8016 4387,8016 4640,8014 4894,8014 5148,8014 5402,8016 5656,8018 5656,7868 5402,7866 5148,7864 4894,7864 4640,7864 4387,7866 4133,7866 3879,7866 3625,7868 3371,7868 3118,7870 2864,7870 2610,7868 2356,7868 2102,7866 1849,7862 1595,7858 1341,7852 1087,7844 833,7836 580,7826"/>
                <Baseline points="580,7926 833,7936 1087,7944 1341,7952 1595,7958 1849,7962 2102,7966 2356,7968 2610,7968 2864,7970 3118,7970 3371,7968 3625,7968 3879,7966 4133,7966 4387,7966 4640,7964 4894,7964 5148,7964 5402,7966 5656,7968"/>
                <TextEquiv>
                    <Unicode>ductu recepto ipsum accessit · et inter multos et</Unicode>
                </TextEquiv>
            </TextLine>
            <TextLine id="r1l30" custom="readingOrder {index:28;}">
                <Coords points="666,8226 914,8238 1162,8246 1410,8254 1659,8260 1907,8262 2155,8264 2404,8266 2652,8266 2900,8264 3149,8262 3397,8260 3645,8258 3893,8255 4142,8252 4390,8250 4638,8248 4887,8246 5135,8246 5383,8248 5632,8250 5632,8100 5383,8098 5135,8096 4887,8096 4638,8098 4390,8100 4142,8102 3893,8105 3645,8108 3397,8110 3149,8112 2900,8114 2652,8116 2404,8116 2155,8114 1907,8112 1659,8110 1410,8104 1162,8096 914,8088 666,8076"/>
                <Baseline points="666,8176 914,8188 1162,8196 1410,8204 1659,8210 1907,8212 2155,8214 2404,8216 2652,8216 2900,8214 3149,8212 3397,8210 3645,8208 3893,8205 4142,8202 4390,8200 4638,8198 4887,8196 5135,8196 5383,8198 5632,8200"/>
                <TextEquiv>
                    <Unicode>uarios tractatus hunc modum et ordinem adin¬</Unicode>
                </TextEquiv>
            </TextLine>
            <TextLine id="r1l31" custom="readingOrder {index:29;}">
                <Coords points="598,8448 851,8465 1105,8477 1358,8488 1612,8496 1865,8503 2119,8508 2372,8511 2626,8512 2879,8512 3133,8510 3386,8508 3640,8506 3893,8502 4147,8498 4400,8494 4654,8492 4907,8488 5161,8485 5414,8484 5668,8482 5668,8332 5414,8334 5161,8335 4907,8338 4654,8342 4400,8344 4147,8348 3893,8352 3640,8356 3386,8358 3133,8360 2879,8362 2626,8362 2372,8361 2119,8358 1865,8353 1612,8346 1358,8338 1105,8327 851,8315 598,8298"/>
                <Baseline points="598,8398 851,8415 1105,8427 1358,8438 1612,8446 1865,8453 2119,8458 2372,8461 2626,8462 2879,8462 3133,8460 3386,8458 3640,8456 3893,8452 4147,8448 4400,8444 4654,8442 4907,8438 5161,8435 5414,8434 5668,8432"/>
                <TextEquiv>
                    <Unicode>uenit quibus cedes populi abutraque parte uitari</Unicode>
                </TextEquiv>
            </TextLine>
            <TextEquiv>
                <Unicode>Odalricum pervenit. Familiares vero sui indicto monasterio comprehensi miserabiliter tormen¬tati sunt et crudeliter interfecti. Brzetislausitaque patri suo que gesta fuerant, retulit et accep¬ta licencia transivit Moraviam procurans sibivirginem suam Iuditham matrimonialiter co¬pulari. Preterea imperator Otto percipiensfiliam suam Iuditham per Brzetislaum, filiumducis Bohemie, raptam esse, indignatus valdeiuramento firmavit, quod vel mortem subiret velsubiugata Bohemia imperialem sedem suam in du¬catus medio collocaret. Ex adverso vero iuve¬nis Bohemie dux magnanimus prestit iuramentum,quod nisi morte preventus tam grande cesari dam¬num inferet damnum, quod de hoc imperator et im¬perium iacturam perpetuam sustineret. Ex quo fit,quod imperator exercitu congregato potenti Bohemiamnititur invadere, et econverso Bohemie dux necnon Brzetislaus filius eius cum gentibus suisad resistendum cesari viriliter se disponunt. Et postquamiam uterque, tam imperator quam Bohemie dux, cumexercitibus suis starent in campis, prefata dominaIuditha, filia imperatoris et uxor ducis predicti,femina prudens et provida, concepit in animo,qualiter huiusmodi grandes inimicicias intertam propinquos affines interciperet, et omnino se¬daret. Ac tandem ab imperatore securitatis con¬ductu recepto ipsum accessit et inter multos etvarios tractatus hanc modum et ordinem adin¬venit, quibus cedes populi abutraque parte vitari</Unicode>
            </TextEquiv>
        </TextRegion>
    </Page>
</PcGts>
