7420 10770
2202 1054 7152 1416 et inconsweta uia labor · Et quidem fortissimi mi¬
2220 1316 7152 1688 litis uiribus fortem in talibus cupiunt laboribus superare
2216 1550 7158 1914 non hostibus sed itineris deuio fatigati temporis eciam ex¬
2232 1820 7178 2106 uberante calore quietem et refrigerium petunt Et
2298 2070 7110 2356 sic multa ponderositate lassati credentes  se hosti¬
2214 2318 7080 2616 um aduersitate securos arma deponunt Et dum
2244 2584 7096 2852 uelut inter paccatos fines inopnatis euentibus
2192 2824 7168 3144 improuide se exponunt Accidit quod praefatus bohe¬
2222 3104 7198 3376 mie dux qui cum fidelibus suis populis ad defenden¬
2186 3368 7246 3614 dum terram suam non sine ordine sapienter · ut potuit
2206 3616 7126 3858 iam disposuerat facta sua · senciens ex fatigis et
2180 3878 7156 4104 laboribus sicut praemittitur imperatoris exercitum defecisse
2306 4110 7196 4396 incautos hostes cum suis audacter quietus inua¬
2264 4364 7120 4610 sit et ipsos a maximo usque ad minimum absque pieta¬
2236 4622 7168 4862 te percuciens · quoslibet quos non saluauit fuge presidi¬
2228 4902 7164 5106 um interfecit Ac insuper fugientes usque ad imperatoris
2236 5122 7296 5364 tentorium persecutus est · nec pepercit generi nec eta¬
2236 5374 7138 5590 ti Imperator uero gentis sue inopinatum casum ex
2226 5634 7192 5848 euentu percipiens · uix de tanto periculo cum paucis
2222 5864 7220 6100 euasit Et sic cum principibus suis pro tunc per fugam
2150 6108 7174 6344 liquit bohemiam Qui pridem sub imperiali uictrice
2168 6372 7200 6580 aquila uittoriam superauerat reportare Ex aduer¬
2258 6600 7304 6814 so uero ab ea parte per quam Otthardus Saxonie dux
2216 6858 7162 7074 cum suis bohemiam intrauerat per uiam que dicitur
2202 7138 7184 7322 Belinam ipsam ut potuit deuastauit quosque ad
2200 7358 7332 7562 potem Gnewin alias Bruks iuxta fluuium Belinam
2226 7590 7184 7816 peruenisset Ibidem dum infortunatos cesaris euentus
2184 7816 7172 8070 audisset · mente perterritus · et interuenientibus treugis
2180 8054 7120 8320 reuoluere cepit in animo quomodo prefatum ducem bohemie
2150 8296 7298 8566 Brzetislaum mitigaret et post tantam uictoriam cesa¬
