7399 10770
598 943 5498 1333 ab ipsa natiuitate contracta que uidelicet ad ec¬
558 1187 5622 1567 clesiam sancti Viti martiris ingressa ‧ et ante sepulch¬
558 1455 5570 1767 rum Beati Wentzeslai adducta orans intime cum
634 1707 5558 2021 lacrimis lumen oculorum et manuum recepitit
585 2174 1728 2237 sanitatem
2292 1963 5516 2191 Miraculum aliud ‧ sancti Wenczeslai
622 2223 5516 2523 Vir quidam de Franconia ab adolescecia sua ex
588 2477 5376 2763 natali defectu contractus pedibus ‧ ita quod solo
586 2725 5590 2989 reptando graderetur in sopore nocturno uidit
590 2973 5476 3223 uirum uenerandum albis indutum dicentem sibi:
590 3227 5624 3475 Duci te fatias ad ciuitatem pragensem ad ecclesiam
646 3493 5614 3727 sancti Viti ‧ ubi requiescit corpus sancti Wentzeslai
594 3787 5494 3971 martiris ‧ cuius meritis perfectam recipies sani¬
614 4007 5586 4215 tatem Qui somniasse se putans iussa implere
594 4289 5582 4469 neglexit Nocte autem secunda ab eodem sene cum
608 4543 5612 4721 maxima claritate sibi apparente iterato monitus
636 4793 5624 4969 quod nequaquam dimitteret quin monita predicta perficeret
598 5041 5692 5221 Qui iussis uenerabilis senis apparentis obtempe¬
634 5313 5642 5463 rans / tandem pragam delatus prostratus solo ante
698 5543 5592 5719 sepulchrum martiris gloriosi in dicta Basilica
700 5805 5730 5969 sancti Viti neruis extensis basibus consolidatis
628 6057 5632 6219 et plantis recepit perfectam sanitatem ‧ et ad propria
652 6291 5668 6473 remeauit laudans et glorificans deum et glorio¬
734 6541 5716 6733 sum martirem beatum Wentzeslaum Multa quidam
680 6771 5710 7005 alia miracula deus omnipotens per hunc sanctum mar¬
708 7019 5808 7263 tirem suum Wentzeslaum operatus est ‧ que in libro pas¬
724 7277 5796 7529 sionis sue plenius sunt descripta ‧ et que longum ni¬
658 7543 5716 7753 mis foret presentibus per ordinem enarrare Sup scripta
698 7783 5820 7991 enim de sancto Wentzeslao taliter ‧ ut apparet ad honorem
712 8027 5958 8223 eiusdam nostri patroni et meritorum presenti cronice sunt inserta
