7420 10770
1928 1200 7020 1426 nomine dytmarus ‧ qui pridem ad pragesem urbem
1972 1434 6932 1682 oracionis causa uenerat Et qui postea pii Boleslai tunc
1972 1682 7010 1918 ducis bohemie noticiam adeptus ‧ presertim quia ligwam Sla¬
1986 1914 7036 2146 uonicam bene sciuit Hunc dictus Boleslacus dux ualde dilexit
1940 2140 7072 2418 et cum communi consensu clericorum suorum eundem dytma¬
1964 2406 7068 2646 rum monachum in primum episcopum pragensem elegit ‧ et cum
2028 2670 6996 2888 suis literis Ottoni imperatori quondam Henrici im¬
2096 2920 7008 3148 peratoris filio ad approbandum et instituendum transmi¬
2080 3182 6858 3406 sit Qui imperator uisis electionis decreto et literis
2024 3430 6882 3664 dicti ducis bohemie prefatum dyethmarum pragensem
2034 3678 7070 3896 episcopum approbauit / et mandauit magutinensi archiepiscopo
2086 3950 6960 4142 qui tunc curie sue prefuit ut eundem ‧ Dyethmarum
2042 4214 6940 4388 in episcopum consecraret // qui iuxta mandatum imperatoris
2056 4450 7032 4646 tliter consecratus pragam ad ducem suum Boleslaum pium
2020 4688 7160 4894 reuertitur / et intronizatus ad ecclesiam sancti Viti pra¬
1984 4928 6880 5142 gensem kathedralem presulatum suum rexit utiliter / et
2034 5206 6878 5390 non post multa tempora feliciter uitam finiuit
2120 5452 7132 5628 Et mortuus est anno domini ‧D‧CCCC‧LXIX‧ IIII nonas
2078 5696 6692 5868 Januarii ‧ et in ecclesia sua pragensi sepultus ‧
2134 5922 6926 6124 De Adalberto secundo episcopo pragensi sancto
2152 6152 6992 6384 Defuncto itaque primo episcopo pragensi dyethmaro ‧ e¬
2128 6392 6884 6628 ligitur sanctus Woietthieh natione bohemus illustris
2172 6650 7034 6868 Nam pater eius Slawnik Comes zlicensis nobilis
2138 6926 6978 7114 genere uita et moribus locuples ualde fuit ‧ mul¬
2170 7160 6836 7368 tas urbes habens Qui eciam sanctus Adelbertus
2180 7410 6964 7619 matrem habuit zczesislauam multis pollentem
2236 7680 7068 7878 uirtutibus : habuit eciam quinque fratres qui a nobilibus
2244 7918 6914 8122 sue pragensis diocesis ‧ in urbe luticzensi in odium sancti
2072 8110 6936 8368 Adelberti crudeliter interfecti sunt / quorum sunt
2182 8356 7035 8616 nomina Sobelor Spicimir Bohraslaw Porzey
