7399 10770
470 966 5502 1372 in bonum filia nostra tua relatiua nomine mlada
466 1244 5502 1600 que et maria ‧ inter ceteras haut abnegandas pe¬
474 1496 5222 1838 ticiones cordi nostro dulces intulit ex parte tui preces
550 1744 5494 2076 scilicet ut nostro assensu in tuo principatu ad laudem
506 2006 5506 2340 et gloriam dei ecclesie liceret fieri episcopatum ‧ Quod nos u¬
502 2264 5408 2580 tique leto animo suscipientes ‧ deo grates retulimus ‧
542 2532 5350 2816 qui suam ecclesiam semper et ubique dilatat et mag¬
542 2800 5384 3068 nificat in omnibus nationibus Unde apostolica auctori¬
560 3068 5352 3304 tate et sancti petri principis apostolorum potestate ‧
550 3322 5434 3578 cuius licet indigni tamen sumus uiicarii annuimus et
550 3550 5450 3824 collaudamus atque canonisamus ‧ ut quo ad ecclesiam
558 3792 5406 4076 sanctorum Viti et Wentzeslai martirum fiat sedes
518 4072 5582 4302 episcopalis / ad ecclesiam uero sancti Georgii martiris
578 4318 5542 4558 sub regula sancti Benedicti et obediencia filie nostre
478 4588 5570 4804 abbatisse marie constituatur congregatio sanctimo¬
514 4846 5478 5044 nialium Verumtamen non secundum ritus aut sectam
514 5110 5456 5298 Bulgarie gentis uel Russie aut Slauanice lig¬
546 5358 5494 5534 uue ‧ sed magis sequens instituta et decreta apostolica
550 5612 5470 5782 unum pociorem tocius ecclesie ad placitum eligasi in
520 5864 5490 6044 hoc opus clericum latinis ad primum literis eruditum
558 6100 5544 6304 qui uerbi uomere noualia cordis gentilium scindere ‧
536 6352 5318 6542 et triticum bone operacionis serere sufficiat ‧ Vale ‧
504 6612 5528 6788 Et statim ut iussum fuerat a papa prefato Johanne
538 6842 5534 7042 consilio ducis et abbatisse ecclesia sancti Viti ‧ decer¬
516 7094 5248 7284 nitur futuro pragensi episcopo Ecclesia uero sancti
494 7330 5636 7544 Georgii martiris sorori dicti ducis boleslai Marie
1326 7610 5414 7784 De dithmaro primo episcopo boemie ‧
1440 7856 5508 8038 Anno domini ‧D‧CCCC‧LXVIII ‧ fuit quidam
1570 8096 5402 8290 presbiter professione monachus de
1584 8342 5762 8530 Saxonia ‧ uir eloquens et magne sciencie
