7420 10770
2114 1146 7094 1436 dicitur misericorditer dispensasset · imperator Hein¬
2160 1378 7038 1702 ricus audiens magnam auri quantitatem in polonia
2122 1604 7130 1962 receptam · et per dictum ducem in bohemiam transportatam ·
2128 1886 6942 2194 auri cupiditate seductus · imperiales nunccios ett
2134 2130 7060 2428 literas prefato duci bohemie destinauit · mandans quod
2108 2358 7116 2732 thezaurum · quem in polonia receperat uel infra sta¬
2124 2618 7068 2944 tutum terminum ad plenum redderet uel imperatorem cum
2132 2854 7156 3208 potencia exercitus hunc ab eo extorquendum bohemiam
2132 3124 7056 3458 aduenire sentiret · Quod audiens et intelligens
2054 3374 7178 3748 Brzetislaus bohemie dux imperatori in hunc mun¬
2054 3644 7152 3948 dum respondit · Inuictissime cesar Saluo teno¬
2114 3876 7120 4202 re literarum uestrarum et imperialium mandatorum prede¬
2152 4138 7052 4452 cessoribus uestris et uobis in licitis et honestis semper
2156 4434 6834 4666 paruimus · et fideliter adhesimus / Karolus
2118 4688 7212 4918 enim magnus quondam pippini regis francie filius
2102 4922 7252 5158 dum ueniret nobis censum imposuit quo Romanis
2102 5174 7064 5380 imperatoribus tenemur obnoxii uidelicet CCXX bo¬
2106 5452 7142 5630 ues electos et quingentas marcas argenti sol¬
2094 5682 7172 5892 uendum Quod quid seruauimus · nec in aliquo sumus
2126 5932 7132 6156 transgressi, ultra cuius obseruanciam nec artari nos
2106 6200 6972 6410 licet · nec quocumque largiori iugo grauari  Nam
2086 6444 6954 6640 pocius eligimus mori quam insolitum ferre onus
2170 6664 7058 6886 At uero imperator hiis auditis rescripsit: quod non ob¬
2182 6916 7054 7138 stantibus statutis anterioribus quibuscumque preceptum
2184 7154 7176 7388 suum uelit effectualiter adimpleri uel ad execucionem
2076 7378 7122 7620 eius ipsos compellere manu forti Et sic dum prefatus
2092 7610 7162 7874 dux bohemie Brzetislaus mandatis imperialibus
2128 7830 7132 8116 obtemperare renueret · statim imperator furore suc¬
2156 8066 6908 8354 census fortem et magnum congregat exercitum · Et
2130 8328 7064 8640 personaliter cum principibus suis ab uno latere per
