7399 10770
384 988 5302 1286 ri reformaret. Bretislaus uero bohemie dux
434 1234 5542 1526 de fidelitate gentis sue praesumens · dicti ducis saxonie
494 1488 5418 1780 spreuit consiliummandans sibi quod uel uoluntarius
450 1748 5478 2010 infra triduum exeat bohemiam · uel post lapsum eius bel¬
498 1990 5570 2236 lo depressus subiaceat · nec habeat ammodo liberam
482 2244 5674 2500 licenciam exeundi Qui uir prouidus talia pruden¬
474 2464 5502 2760 ter aduertens · et prioribus domini sui cesaris discri¬
494 2716 5460 2988 minosis dispensatis dispendiis bohemie terram et
440 2968 5348 3244 metas cogitur exire pacificus Interea dux
620 3232 5416 3486 Wrzetislaus praedictus ad defendendum fines uersus
458 3506 5494 3728 Saxoniam Comitem Belinensem procopium nomine cum
500 3778 3210 3974 tribus legionibus deputauit.
1234 4278 5494 4444 nno Domini Millesimo XLI ex eo quod idem
1310 4524 5320 4712 procopius Saxonum corruptus pecunia,
1318 4782 5480 4972 duci Otthardo predicto non restiteatur ut de¬
1346 5034 5692 5208 buit per ducem Wrzetislaum captus est · et ocu¬
482 5284 5358 5452 lis erutis manibus pedibusque abscisis precipitatur in
546 5510 5382 5712 flumen byeline · ut alii eius exemplo perterriti ad
522 5786 5350 5960 uotum et iussum ducis sui defendant patriam et fidem
540 6044 4988 6214 prestitam principi suo inuiolatam obseruent
1506 6554 5388 6714 nno Domini millesimo XLII Henricus
1532 6798 5430 6970 imperator prefatus unacum Otthardo duce
1538 7042 5464 7212 saxonie supradicto Inclitorum suorum nobili¬
1434 7300 5580 7468 um et fidelium ruine non inmemor ulcisci
452 7470 5496 7724 cupiens imperiali potencia multis itineribus bohemiam
494 7752 5610 7982 intrans eam undique deuastauit · et demum perueniens
524 8008 5646 8246 usque ad pragam obsedit eam Quo facto et dum tan¬
530 8278 5570 8484 to exercitui dux et sui resistere non ualerent Seuerus
