7399 10770
640 970 5426 1309 Czaslaw / Hii fratres sancti uiri una cum patre et ma¬
392 1240 5468 1589 tre suis predictis sepulti sunt in ecclesia urbis eorum Libisch
456 1472 5406 1819 Prefatus uero sanctus Adelbertus in subdyaconatus
418 1736 5476 2073 uero existens ‧ ordine exigentibus multis uirtutibus et san¬
370 1998 5390 2323 ctis operibus suis per Boleslaum pium ducem Bohemie
450 2248 5386 2577 et clerum pragensem quasi coactus in episcopum elegitur ‧ et mittitur
410 2498 5350 2819 ad eos ad Ottonem imperatorem Ottonis filium qui
406 2770 5382 3067 tunc fuit in Ciuitate Weronensi ‧ ut eum in episcopum
386 3058 5448 3317 approbaret Qui imperator peticioni eorum consenci¬
418 3286 5500 3565 ens ipsum maguntino archiepiscopo direxit in episcopum con¬
468 3502 5406 3799 secrandum Et taliter consecratus ab eo inductione Alberti,
318 3794 5574 4051 Magdeburgensis archiepiscopo ‧ tunc presentis ‧ sibi nomen impo¬
450 4088 5498 4303 nitur Adalbertus quasi alter albertus ‧ tunc archi¬
454 4360 5414 4549 episcopi mageburgensis alberti equiuocus et con¬
464 4608 5482 4793 socius ‧ Hic beatus adelbertus secundus pragensis episcopus,
472 4862 5386 5045 sanctissimam uitam duxit ‧ quomodo et qualiter hec in le¬
436 5104 5544 5277 genda uita et passione sua ad plenum ideri pote¬
410 5358 5482 5521 runt ‧ Qui beatus Adalbertus postquam sensisset in¬
440 5596 5564 5775 credulitatem et duriciam plebis sibi comisse ‧ plus uo¬
442 5866 5580 6033 luit se saluare quam una cum ipsis altissimo displicere
448 6126 5706 6285 deliberauitque dimissa ecclesia et grege suo romam adiit ‧
428 6323 5875 6539 et cum iter arripere uellet ‧ casu contigit quod Starquas
469 6620 3942 6783 frater pii boleslai ducis bohemie
3990 6724 5453 6758 congnouisset
425 6958 2154 7023 ipsum ad se recipiens
434 6876 5668 7037 ad cuius natale sanctus Wentz¬
450 7134 5516 7277 eslaus inuitatus ‧ olim per fratrem suum boleslaum
498 7382 5832 7537 seuum de quo supra fit mentio martirium subiit ‧ de Ra¬
462 7642 5474 7791 tispona ueniens inqua ciuitate ratisponensi idem
400 7878 5624 8031 Starquas dudum ante in monasterio sancti Em¬
478 8118 5666 8275 merami ordinis sancti Benedicti habitum monach¬
474 8368 5394 8531 alem assumpsit ‧ de licencia abbatis sui pragam
5961 6469 6596 6485 Starquas
6058 6542 6566 6701 monachus
