7399 10770
500 1347 3162 1564 Anno Domini millesimo ·L·
452 2083 3392 2332 Anno Domini millesimo ·LI·
436 2847 5494 3104 Anno Domini Millesimo ·LII· mater ducis Bretislai
508 3131 5550 3320 et coniunx Odalrici Bozena alias Beatrix no¬
484 3387 5654 3554 mine migrauit ad Dominum · estque in ecclesia Boslauiensi
572 3637 1312 3792 sepulta.
1605 3637 3944 3786 De sancto Procopio.
546 3901 5608 4068 Anno Domini Millesimo ·LIII· Sanctus procopius
472 4165 5732 4322 abbas plenus sanctis operibus celestem prouexit ad patriam ·
524 4639 5466 4824 Anno Domini Millesimo LIIII Brezetislaus dux
576 4915 3858 5092 bohemie supradictus Wratislaus
532 5161 5448 5320 alias ciuitates Slezie et diocesis Wratislauiensis
556 5395 5660 5580 ducibus polonie sub ea condicione locauit · quod sibi et suc¬
588 5645 5560 5862 cessoribus suis bohemie ducibus in perpetuum uere subiec¬
598 5915 5384 6084 tionis titulo Quingentas marcas argenti ett
610 6139 5628 6354 XXX marcas auri annuatim persoluit in certis ter¬
560 6389 2072 6586 minis constitutis.
1982 6611 4244 6774 De obitu Brzetislai
1510 6927 5714 7124 nno Domini Millesimo ·LV· postquam Brze¬
1502 7177 5640 7366 tislaus bohemie dux totam olim deper¬
1502 7437 5538 7628 ditam polloniam relucratus fuisset · et dicioni
584 7621 5448 7886 principatus bohemie subegisset · proposuit similiter in¬
560 7857 5400 8134 uadere pannoniam · et processit in urbem Crudym
562 8115 5632 8376 uolens ibi suum exercitum congregare · ut hoc facta una
506 8353 5376 8624 cum ipsis directus · et mature preuisus posset ulterius
