7420 10770
1954 1168 7144 1380 Pragensis episcopus · timens ne propter fidelitatem · qua Cesa¬
2010 1414 7102 1618 ri tenebatur per ipsum pragensis episcopio priuaretur
2036 1662 7092 1858 quadam nocte secrete aufugit ad cesarem Quod audi¬
2010 1906 6980 2092 ens Brzetislaus dux bohemie tamquam uir sapiens
2022 2156 7174 2336 et in necessitate maturus · imperatorem auro placat
2018 2402 7140 2596 dans sibi ·M·D· argenti marcas que summa fuit tri¬
2072 2642 7082 2834 butorum trium preteritorum annorum · pacemque firmauit
2088 2902 7056 3068 cum ipso Et sic cesar qui pridem anno praeterito
2072 3156 7136 3324 bello uictus turpiter de Bohemia per fugam eua¬
2202 3412 7284 3604 serat Iterum anno futuro non resistencia ducis sed mu¬
2152 3666 6968 3848 neribus placide pacificatus abscedit Quique prius
2152 3914 7098 4084 fuerant inimici · ex tunc interuenientibus premissis e¬
2140 4166 6666 4336 uentibus amoris uinculo iugiter reformantur
3188 4658 7074 4824 Anno Domini millesimo XLVI dedicata
3302 4900 7178 5090 est ecclesia sancti Wentzeslai in Bole¬
3338 5118 7140 5338 slauia XV kalendas Iunii per Seuerum
3250 5412 5548 5596 sextum Pragensis episcopum
2230 6172 5376 6382 Anno Domini Millesimo XLVII
2298 6930 5374 7116 Anno Domini Millesimo XLVIII
2334 7808 5230 8002 Anno Domini Millesimo XLIX
