7420 10770
2068 1134 6868 1438 et iuramenta facta absque cuiuslibet preiuditio partis
2068 1370 7004 1668 obseruari ualerent Tractauit etenim · quod imperator
2088 1604 7026 1912 transiret bohemiam et in medio eius uidelicet in Bolesla¬
2080 1860 7014 2174 uia imperialem sedem suam ponetur et in eadem sede po¬
2076 2108 7014 2416 tenter residetur Et eam ibi imperpetuam huius rei me¬
2098 2382 7080 2672 moriam relinqueret Similiter ad saluandum iuramentum
2068 2622 7114 2944 mariti sui Brzetislai ducis bohemie prefati, tra¬
2026 2892 7046 3170 ctauit Quod dum duces bohemie et suos posteros
2032 3110 7038 3414 curiam imperatoris accedere contingeret · et ad tria mi¬
2028 3378 7084 3650 liaria in uicino uenirent terras imperii per incendia
2060 3628 7046 3878 sub eiusdem imperii dispendiis licite damnificare
2092 3878 7066 4112 ualerent Et quod ad huius rei perpetuum recordium pro
1994 4118 7054 4394 armis ducalibus bohemie aquilam imperialem in
2044 4402 7092 4656 campo albo per pennas aquile circumquaque flammis
1998 4664 7102 4882 distincto deferrent Quo ingenio perdictam Iudi¬
1996 4896 7100 5108 tham sapienter inuento Imperator et dux bohemie
1978 5110 7096 5370 supradicti concordati sunt. Et imperator cum suis
2026 5368 7118 5588 bohemiam intrans Boleslauiam uenit et ibidem
1986 5624 7054 5840 imperialem sedem suam preciosissimam posuit,
2270 5858 7092 6076 Que ibidem in ecclesia Boleslauiensi usque ho¬
2004 6082 7080 6332 diernum diem pro huius rei memoria diligen¬
1994 6322 7049 6587 cius custoditur Et postea iuramento serua¬
2014 6596 6938 6808 to pacificus recessit Similite Brzetislaus,
2010 6858 6976 7064 iuuenis dux bohemie · extra Bohemiam curiam
1992 7082 7006 7306 imperatoris accedens · dum in uicino ad trium
2000 7342 7058 7548 miliarium spacium peruenisset per ignis incendium
2020 7564 6932 7788 imperii bona damnificat iuramentum seruat
2128 7798 7126 8026 Tracta huiusmodi ad posteros suos bohemie duces
2080 8060 7100 8274 deducit Etiam tam a preteritis ducibus · quam eciam
2136 8278 7118 8530 futuris regibus Bohemie usque in hodiernum diem in
