7420 10770
2266 1074 7176 1396 magni ponderis · quam quondam Mesko dux po¬
2276 1326 7048 1666 lonie obtulerat · et quandam tabulam auream
2260 1546 7222 1898 ponderis ·CCC· librarum auri · et multa alia
2308 1814 7154 2154 preciosissima ornamenta recepit · et cum reuerencia
2284 2070 7170 2408 digna bohemiam apportauit Et dum circa riuu¬
2302 2338 7148 2620 lum Rokytnik pragam applicuisset · tam dux quam
2304 2582 7190 2910 clerus et populus uniuersus tantis preciosissimis re¬
2276 2840 7068 3126 liquiis processionatim obuiam facientes · et cum
2250 3104 7152 3364 magna leticia in pragensem portantes ecclesiam re¬
2284 3346 7086 3604 condiderunt honorifice ut decuit · Facta est autem
2300 3596 7002 3870 hec translatio sanctarum reliquiarum huiusmodi
2198 3834 7218 4144 Anno Domini millesimo XXXVIII kalendis IX septembris.
3234 4398 7156 4592 nno domini millesimo XXXIX premissis
3402 4652 7174 4862 diuina fauente clemencia prospere sic
3406 4906 7182 5102 gestis · et de tantorum patronorum sanctis¬
2346 5168 7232 5372 simis allatis reliquiis tota bohemia plurimum exul¬
2352 5400 7148 5602 tante Quidam inuidia seducti appostolicam se¬
2348 5616 7196 5872 dem accedunt · ducem bohemie Brzetislaum pa¬
2356 5876 7156 6106 pe deferunt · eo quod contra sanctorum patrum decreta
2380 6106 7136 6400 et canonicas sanctiones prefatorum sanctorum corpora de
2396 6370 7038 6636 polonia in bohemiam sicut premittitur asportaratt ·
2380 6622 7188 6870 Unde tam dux quam Seuerus pragensis episcopus de pre¬
2384 6852 7072 7124 sumpcione huiusmodi plurimum arguuntur Et ad re¬
2442 7096 7160 7372 spondendum de super coram appostolica sede missis citacio¬
2392 7352 7052 7618 num literis ad pape presenciam euocantur · Qui mittentes
2374 7604 7260 7870 nuncios et legatos suos ydoneos · se qualiter non teme¬
2392 7838 7154 8088 ritate sed bona intencione necnon pro magna salute
2410 8058 7158 8332 bohemice gentis translationem patronorum suorum
2392 8288 7200 8584 huiusmodi fecerant se excusare curantes · postula¬
