7399 10770
274 875 5315 1399 uiam · qua itur de Ratisbona bohemiam · applicat
308 1151 5261 1667 et in littore fluuii Rzezen qui uulgariter dicitur Rgen,
318 1420 5282 1866 ad partem que declinat uersus · Kam prope siluas cum
382 1696 5234 2076 exercitu suo castrametatus est Ducem uero Sax¬
376 1942 5424 2334 onie Othardum nomine uirum industrium et bel¬
394 2202 5112 2552 licum cum suis ex opposito alterius partis qua itur
442 2458 5222 2798 per Suebiam uersus Saxoniam ad inuadendum
370 2722 5410 3042 bohemiam ordinauit Sicque ex utraque parte terram et gen¬
358 2970 5196 3276 tem bohemie duris congressibus opprimere nitebatur
360 3189 5343 3558 Dum igitur imperator a parte exercitus sui metas bohe¬
378 3492 5410 3812 mie attigisset · et densitatem siluarum qua ad intran¬
370 3764 5342 4058 dum bohemiam aditus praeclusus erat liquido conspex¬
558 4014 5374 4274 isset uiasque quaslibet inueniret obstructas suos sin¬
558 4300 5438 4548 gulos iubet manum apponere et per densitates siluarum
450 4548 5212 4814 huiusmodi uias necessarias praeparare · quo facto
452 4768 5260 5046 unacum suis intrat obscura siluarum in loca Et
446 5058 5442 5294 dum quendam eminentiorem locum siluarum ascen¬
438 5286 5326 5544 disset imperialia fixit tentoria · et sedens · bohe¬
440 5536 5368 5774 mieque terram et situm inspiciens principes et nobi¬
486 5764 5458 6024 les suos conuocat ac ipsos opportunis exhortationi¬
510 6034 5378 6274 bus alloquitur · et ammonet ut eciam absque tedio de
480 6306 5354 6526 uictoria securi procedant · et intendant uiriliter
540 6556 5430 6766 incepto labore · qui monitis imperialibus animati
506 6820 5354 7018 linquentes tentoria Bohemie densiores intrant
504 7062 5402 7280 in siluas Et postquam aliquantum itineris duris
562 7294 5314 7520 laboribus in earundem siluarum asperis perlustras¬
612 7521 5528 7772 sent et neminem sibi resistere persensissent, per insoli¬
610 7782 5580 8010 tos montes et colles maximis cum fatigiis pro¬
576 8042 5548 8256 gredientes ulterius dum iam per abrupta uiarum
634 8278 5474 8518 pericula euasissent sperabat · restat ex solitudine
