7399 10770
530 1068 5406 1474 hodie Bdek uocantur · Deinde dux Brzecislaus
578 1346 5422 1704 predictus usque Gneznensem transiens metropolim ip¬
626 1602 5446 1952 sam uictoriose lucratur Et tam ipse quam sui eccle¬
602 1840 5514 2200 siam beate uirginis marie · ubi corpus beatissimi Adal¬
556 2088 5522 2430 berti martiris reconditum erat reuerenter intrantes
564 2330 5478 2692 confessi et contriti triduanis uacant ieiuniis Et
546 2624 5522 2940 ante sepulchre sancti Adalberti unacum Seue¬
560 2858 5468 3186 ro pragensi episcopo in terram prostati · oracione fusa · et
580 3128 5484 3440 et dei nomine inuocato altare maius in quo corpus
608 3380 5550 3702 sanctum reconditum fuerat apperientes inuenerunt ·
622 3636 5390 3968 sanctum Adalbertum in sarcofago habitu et
594 3918 5598 4196 corpore integrum per omnia · ac si ipso die missarum
622 4194 5542 4428 solemnia celebrasset · de cuius corpore miri odoris fra¬
574 4434 5538 4682 gancia · non solum totam Gneznensem repleuit ec¬
532 4676 5456 4914 clesiam ymo ducem bohemie et eius exercitum
580 4954 5468 5174 mirifice confortauit · Ubi stupenda ualde res ac¬
564 5210 5542 5446 cidit · puta quod ante lapsum trium dierum nemo sacri
596 5454 5476 5672 corporis sarchofagum tangere potuit Sed elapso
606 5716 5486 5912 triduo et oracionibus multiplicatis capsam attingunt
670 5966 5406 6158 sancto cum corpore · et ipsam in altaris arte collocant
606 6210 5470 6422 Offertque dictus bohemie dux Brzetislaus ducen¬
596 6470 5412 6660 tas marcas argenti · Similiter in eadem ecclesia
578 6712 5380 6914 corpus sancti martiris et archiepiscopi Gneznensis
622 6964 5470 7168 Gaudencii qui alio nomine Radim uocatur fratris
626 7256 5450 7438 beati martiris supradicti reperiunt Et ibidem in a¬
602 7508 5444 7732 lia ecclesia corpora sanctorum quinque fratrum Be¬
628 7796 5492 8010 nedicti Isaac Mathei Johannis et Cristi¬
624 8068 5354 8288 ni de quibus supra fit mentio prefatus Bohemie
672 8326 5634 8558 dux obtinuit · Similiter quandam crucem auream
