7399 10770
502 1360 3870 1702 Anno domini millesimo XXXVI
1538 1880 3780 2084 De obitu boleslai ·
418 2364 5594 2630 Anno Domini millesimo XXXVII Boleslaus pre¬
602 2634 5418 2922 fati Odalrici ducis pater quem ut supra dictum est
548 2890 5574 3170 impius Mesko polonie oculis priuauerat mor¬
570 3148 4394 3416 tuus est · et in ecclesia pragensi sepultus.
1196 3368 5570 3638 Eodem anno ·V· Idus nouembris Odalri¬
1128 3630 5474 3870 cus Brzetislai pater infirmitate grauatus
1250 3900 5484 4110 feliciter uitam finiuit · Cuius obitum Ia¬
544 4146 5318 4430 romir frater eius quem pridem dictus Odalricus
562 4422 5450 4640 excecari mandauerat percipiens · pragam uenit ·
570 4664 5494 4876 et Brzetislaum nepotem suum · una cum baronibus
572 4926 5382 5120 magnatibus et populo Bohemie elegit et prefecit in
578 5196 5518 5368 ducem ipsumque nepotem suum publice amonuit
554 5444 5562 5618 ut iniquorum traditorum Wrssouicensium genus exterminaret
550 5682 5508 5858 et suorum deberet fidelium consilia studiosius imitari ·
550 5934 5526 6118 Narrans coram omni populo quantam traditionem · quantum¬
600 6194 5494 6368 que scelus Wrssouicenses prefati olim in suis duci¬
578 6442 5542 6630 bus et dominis perpetrassent Unde Wrssouicenses eo¬
564 6692 5530 6864 rundem filii iniquorum patrum suorum sunt iniquissi¬
566 6932 5470 7140 mi sectatores presertim Cochan · qui quadam
586 7200 5282 7376 nocte dum dictus orbatus lumine Iaromir ad
570 7448 5432 7616 laxandum uentrem priuata sederet in loco · eundem
730 7690 5352 7860 per posteriora trans corpus nequiter letaliterque
598 7912 5242 8100 uulnerans · miserabiliter insontem extinxit ·
656 8178 5352 8350 Sicque Iaromir moritur anno predicto
724 8410 2914 8604 II Nonas decembris :
