2479 3508
412 413 1794 486 Sacerdotesque sancti georgii in arce pragenem ‧ que principis honore
423 467 1880 540 defungitur : Et pastorali baculo utitur ‧ Sacris perfecta uirginibus :
423 522 1812 595 ab exilio remeauit :  hec ex ueteri more quot annis inte ¬
429 580 1889 654 lebritate sancti uiti : nouellum regi panem offere tenetur ‧ Restituti
417 642 1886 717 Sunt : et kathedralis ecclesie Canomci ac uicarii : Et mansionarii
423 696 1848 771 ornamenta altaribus reddita ‧ diuinum ossicium inscauratum ‧ legati
432 754 1922 832 basileam missi qui dedaraconi super cirticulo communionis expelerent ‧
423 819 1794 892 cumque nulli essent ecclesie redditus : Ex quibus alii templorum
429 878 1830 946 ministri possent : iussit imperator ex sisto regio per singula
429 942 1859 1008 canonicorum capita elidomodatum : aureum numnum distribui minioribus
432 996 1851 1068 cleritis dimidium dari ‧ res anima aureorum ui milia apud
438 1057 1848 1129 ecclesiem cathedralem absumpsit ‧ In alia quoque templa donaria
438 1115 1788 1190 collata noua iam facier urbis nouus populus : Verusque
444 1169 1868 1250 redisse religionis cultus adparebat ‧ Quibus ex rebus liquet ‧
444 1228 1842 1315 Imperatorem que federa cum heretias percussit necessitate magis
429 1286 1794 1374 admisisse : que uolimtate ‧ Voluisse illum paternam hereditatem :
438 1348 1848 1433 quoquamodo intrare sensimque regni posessionem accepta more
441 1413 1827 1490 maiorum sub ueram cristi religionem prouinciam reducere :
456 1464 1842 1551 Iam reges ei pupolique cristiani : de recuperato regno congra ¬
447 1538 1824 1609 tulabantur ‧ Eiusque nomen in omni ecclessia magnum erat ‧ Eugenius
444 1605 1848 1673 quoque pontifex maximus auream rosam induem sue leticie
435 1670 1874 1733 ad eum misit ‧ thabarite qui superioribus cladibus supersuerant :
441 1733 1880 1799 in oppido Eoseruati ea lege in gratiam recepti : ut quisquemnio
444 1795 1794 1855 toto : suis moribus uiuerent ‧ Religionis cultum mutare
441 1859 1812 1914 non cogerentur ‧ Iura ciuitatis haberent : signum ferrent:
450 1917 1794 1978 In sigillis rubea cera uterentur ‧ tributi nomine singulis
438 1972 1854 2040 annis sexagenas X ‧ penderent sed cum nefandas eorum con  ¬
465 2036 1845 2102 suetudines sigismundus accepisset quibus illi circa uel diuiai
447 2094 1830 2166 tenerentur ‧ Quinquennium haud quaque expectaturum se dicere
450 2157 1854 2226 correpturum prope diem scelerate ciuitatis insamam Rochecianam
453 2222 1779 2290 hortaui Ro‧ ecllesie se subiceret sic posse pontificatum ei
456 2285 1877 2346 committi ‧ superbienti et aliena de fide sapienti astensum despe ¬
465 2342 1815 2403 randum esse ‧ qui uel consecratus episcopus eiici deberet ille
462 2400 1836 2460 mente superba : Et opinione sua inflatus : dietim peior :
456 2462 1871 2516 dietim benenosor effici : Monachorum uedditum : egerrime ferre
