2479 3508
692 421 2051 473 quorum sermones non minus quam suos acceptum iri uerebatur : ob
695 475 2086 529 quam rem occurrente interpreditandum sermonem de monachis : ueniut
686 532 2039 581 inquit noui dietim ad nos demones quos uocant monachos
686 586 2051 631 is studium est : nos deuere ey ueritate ‧ at si uini fuerimus
698 631 2036 683 priuis somgwniem effuderimus id sigismundus ubi accepit
695 684 2054 740 immo nos inqiut Rocheczane sangwmez non inuiti : ante
689 738 2051 798 aras libabimus ‧ non latuit Rochetzanam sigimundi sermo
698 789 2071 851 qui ex amicis commonitus clam aufugit eius ecclesia rapusconi
683 851 2039 909 bono et docto Viro commissa : quem nos posica exulem :
692 911 2063 969 pertubatis iterum rebus : in noua domo uidimus ‧ priusque
680 969 2051 1026 intrasset bohemiam sigismundus ‧ iohannes robatius : nobili loco
680 1030 2086 1086 natus ingenio malo : mente pessima ‧ non longe a montibus
671 1088 2015 1151 Cuthmus intra siluas in edito colle castellum exedificavit
689 1151 2063 1212 uocauitque montem sion : assereus ex eo loco ueritati aliquam
680 1210 2033 1268 exituram : que gentem bohemicam libertate donet ‧ Euntibus
680 1269 2045 1319 ad iglainam ceteris nobilibus imperatorem suscepturis : ipse
671 1329 2080 1389 domi manens uicinus infestus predas agitat ‧ Instigatibusque
671 1383 2092 1437 nonnullis baronibus quibus pax noxia : bellum salubre uidebat
665 1452 2051 1494 Sigmundum quoque lacessit ‧ armenta bouem : Et vina que illi
671 1500 2054 1550 aduehebantur ex hungaria rapit ‧ Itinera queque insecura :
671 1559 2104 1613 Infesta reddit : neque a purpuratis regis abstinet : Sigismundus
671 1624 2018 1674 heniricum ptastonem qui hominem corripiat : cum exercitu
677 1686 2060 1734 missit ‧ obsidio quatuor ducta mensibus ‧ castellum summa ui
662 1739 2125 1802 occupatum ‧ Sed in cacumiem montis sitium : uallo : fossa : murisque
668 1808 2057 1862 oportune municum difficile superatu erat ‧ friguntur turres :
662 1864 2030 1921 que municiones murosque superent : tela intus iaciuntur : multi
668 1927 2098 1981 Vtrinque cadunt obsideneium plures : In quos tela aut frustra
665 1987 2054 2044 cadebant : accessum ad muros altior fossa prohibebat : que
656 2046 2021 2103 licet aqua caruit laboriosum cum periculosumque Militi
659 2104 2003 2165 erat : Sagittis undique cadentibus in eam desenderer : atque
671 2163 2024 2220 nide rursus uallum quo muri precingebantur ascendere ‧
656 2215 2101 2282 Cumculis igitur aditus in fossa paratur : relicto terre aliquarto
656 2268 2077 2341 ne fraus intelligi posset : Instar hostii ante fossam ‧ expectatur
671 2344 2068 2398 uentus : qui ex castris in castellum spiret ‧ Is ubi uehemens
650 2402 2015 2461 datus est : armati aditum ingediuntur :  tormenta enea qua
662 2452 2054 2522 plurima simul incenduntur uentus fumum in castellum rapit ‧
