2479 3508
461 390 1819 503 In quo uictor Iohannes suos milites preda non modicas dicat : Cum
452 481 1834 544 regnum Polonie quiete obtinere non posset: Casimiro acceptis
456 533 1819 595 XX milibus marcarum argenti: uis suum cedit; Cracouiam tamen
448 586 1843 650 obsidione cingit Sed deficientibus comeatibus abnec compellitur;
452 649 1849 744 Cecus affectus: a Rege francorum aduc usus anglicos in auxilium
447 700 1847 801 accersitus : tum lettissima equitum manu consanguineo solacium tulit
456 755 1808 847 Prehoque memorabili : et cruentissimo se in-miscuit : in quo tum
461 818 1838 921 multis milibus cesis interiit : Cum regnasset annis V et XXX
448 876 1799 979 bellum in celebritate Sancti ruffi gestum huic ea dies apud
452 904 1843 1016 bohemos atra aliter innominabilis habita: que duos reges hostili
452 1001 1865 1069 gladio abstulisset: Vnum et XXX annos agebat: tum filius eius
448 1047 1872 1161 Carolus ex elisabet coniuge natus Iohannes uiuente patre ad uersus tartaros
452 1119 1823 1207 feliciter dimicauit cuntater Lombardie et patre acceptas: armis
452 1170 1832 1279 tutatus est. pugnauit adolescens tum ueronensibus eosque pre homo
448 1237 1825 1312 fudit in ea pugna bis equo deiectus non dubitauit tercium
448 1288 1872 1395 constendere facinoraque fortissimi militis edere ferunt cum nunc in litus
456 1352 1871 1428 lastinientem: Cum parme ageret alinos thoros non paucos
452 1413 1838 1514 poluisse neque more patrum a patre abstimusse: fuisse per idem tempus
452 1477 1843 1551 dalphino francie tum principe Sabaudie bellum: Cui cum rogatus
456 1529 1850 1639 Iohannes auxilium ferre statuisset: nocteque decretum iter praecessit uisum
447 1582 1828 1689 esse in sompnis Carolo iuuenem: Conspicua forma militaris
456 1639 1887 1760 manu raptum eminentique loco: Vnde uideri ab omnibus posset: uesti¬
456 1714 1825 1815 mentis exutum moxque Vmilia ei execta que fuisse Carolum ex
447 1775 1893 1876 proximo adolescente qui spem supra humanam uenerabilis astabat
452 1826 1856 1913 Eaque sit geri mandauerat quisnam is iuuenis esset tam tum
448 1894 1876 1992 deliter acceptus et cur eo supplicio afficeretur rursum datum dal¬
461 1950 1885 2054 phinum esse regis francie primogenitum qui talibus modis acciperetur
456 2018 1847 2113 Sit plectandos esse qui aliena mercimonia iudaueret ex per rectum
456 2073 1911 2168 Carolum summo mane pium sommum recitasse: rogasseque ne frustra
448 2126 1788 2198 exercitum fatigaret; dalphinum non enim egere auxilio quom
452 2188 1926 2295 intercemptum esse non dubitaret contempsisse premium una filii somnisque
447 2242 1832 2339 nichil inesse ponderis rendisse duas cuique dierum itinere tuum exercitum
435 2290 1804 2396 profectum tertium accepisse mutuum: dalphiunum in obsidionem cuiusdam
452 2365 1825 2442 castelli: sagitta in incertum missa confosso inguine expirasse:
439 2400 1828 2490 Copias eius dissipatas esse Carolum in uilla Therenti par¬
443 2473 1828 2591 mensis agri: quo in loco uisum uideatus in honore beate marcus
