2479 3508
650 447 2003 490 post Uencieslai mortem hussitarum Rabicus deleuit qui postquam ecclesias
641 493 2024 538 quam plurimas ecclesias quam plurimas deiecerunt monasteria ince¬
638 535 2057 590 derunt : castellum petentes cui bihenigne non est octauo fere miliario
638 599 1997 641 ab oppido quod nunc thabor appellant XXX circiter milia homines
638 652 2003 695 conuenere aliter ibi tricentas mensas in patentibus campis erexere
638 694 1973 749 ex quibus populo sacramentum caliciis ministrarunt : terruit ea
644 747 2000 804 congregato Uencieslaum uerentem ne tumultu facto in se arma
644 792 2074 852 conuerterent : Regnumque sibi adimerent : nec sua res periculo caruit
644 849 2033 916 Uencieslaus ei saluti fuit cognomento coranda singulari facundia
656 914 2003 972 prespiter et in plebiblus auditus : Qui dum populum de ‧ re ‧ pu ‧
647 965 2018 1023 admoneret : inter cetera que locutus est : Quamque inquit uiri
650 1017 2003 1080 fratres : ebriosum aliter inertem sortiti regem summus : si tum ceteros
644 1053 2030 1134 expendere principes pergimus : nemo est quem modo regi ante¬
650 1118 1973 1191 feramus : quem recte omni regum specimen dixerim : quietum
647 1177 2033 1247 benignum meum amantem : nam quis eo regnante nos lacessere
641 1233 1991 1294 audet ‧ licet nos ex uoto uiuere nostro ‧ si non est adem sibi :
626 1280 2042 1343 Que nobis de religionem sentenciam : at ritum nostrum neque ipse per¬
644 1343 1982 1400 turbat : neque alios perturbare sinit : quibus ex rebus par esse
638 1397 2015 1451 arbitror : preces pro ad deum ut singuli porrigamus ‧ eique
644 1443 1982 1507 uitam rogemus cuius desidia nostra salus : nostra quies est: quot
644 1500 2063 1558 cum ab exploratoribus rex cognouisset : quieto animo fuit et factus
638 1557 2012 1618 ex tepido frigidus ‧ corandam inter amicos habuit ‧ per idem
650 1615 2080 1668 ferme : tempus : surrexit et alius pseudo sacerdos apud pragam :
644 1680 2003 1725 Iohannes quidam ex ordine premonstratensium ipsius monachus et in
638 1730 1994 1782 omne scelus audax ‧ Qui cum predicaret apud seculum stephanum in
659 1787 1985 1839 piscina : neque  benesapere uideretur : inde amotus monasterium
650 1840 1997 1892 carmelitarum inuasit hoc suasore heretici ut suam potenciam
638 1906 1967 1952 ostentarent : singulis ferme : diebus sacram eucharistiam per suas
647 1963 1997 2009 ecclesias circumuectabant quas cum paucas esse dicerent : ductore
653 2021 2015 2066 nicolao : uiro nobili : eius loci domino ‧ unde iohannem hiis originei
644 2070 2051 2119 trahere diximus : in regiam tumultuarie prorumpentes : Uences¬
606 2124 1991 2173 laum orouere : sibi ut ampliores ecclesiam elargiretur : qui iam
653 2174 2015 2223 populi maiorem partem obtinerent audiuit rex audiuit benigne
653 2219 2080 2271 nicolaum pro multitudine loquentem : aliter in posteram diem reducetur:
644 2277 1997 2324 iussit dein misso populo : ad nicolaum qui remanserat : conuersus ‧
644 2324 1979 2382 tu inquit qua me regno  deiceres orditus eius telam ‧ at ego
638 2372 2033 2436 laqueum inde efficiam ‧ quo te postea strangulem : ille e conspectu
638 2430 2009 2489 aliens populares magis ac magis incendit Rex in artem
653 2486 1991 2543 uicegradensem : urbe uicinam paruoque tam fluuis distinctam
