2479 3508
444 439 1782 502 prouenere : ipse nobis primus committi curauit Mortuus est
444 496 1767 563 Vienne ex apoplexia : et apud carmelitas cum conuige
432 559 1752 630 Sepultus : Sigismundus superinis suis ordinatis inter
429 624 1800 691 amicorum manus defecit : albertum barones quod aderant
438 680 1782 755 ex hungaria et bohemia concordibus animis regem
456 754 1818 827 salutauere ipse missis in bohemiam suis : a sigismundi
435 827 1839 907 legatis : Versus posonia iter flexit : miserabile spe ¬
441 900 1779 976 ctaculum : Et humanarum rerum singulare documentum ‧
450 964 1877 1045 Imperatrix captiua : Et imperatoris cadauer una uehitur :
444 1032 1755 1113 occurrunt lugubres hungari : nec teneus lacrimas in
447 1100 1761 1176 tanta rerum nouitate possunt ‧ hinc defuncti regis
450 1170 1767 1242 compus fletum elicit ‧ Inde regnie Vincula commiseracione
447 1232 1770 1310 excitant ‧ Salatur cum miseros noui regis eleccio ‧  cuius
459 1300 1871 1376 Virtutis multa extabant documenta due inter se pugnantes
453 1372 1943 1442 cure occurrebant ‧ altera sepeliendi regis : plena meroris
456 1437 1806 1510 altera coronandi : leta iocundaque iusta prius defuncto regi
456 1512 1865 1582 persoluta Corpus eius in uaradino ut in ultima uoluntate
462 1578 1815 1645 placuerat sepultum ‧ albertus in alba regali : cum coniuge
465 1643 1862 1716 sua elisabet ??? ianuary: summo consensu atque applausu
471 1715 1791 1782 populi coronatus est ‧ legati in bohemiam profecti Volgato
441 1781 1794 1857 Sigismundi testamento albertum uicinum potentem nobilem
459 1849 1770 1916 uirtute presiantem ‧ bohemis amicum : Regem assummi
462 1926 1782 1984 petunt ‧ iohannis caroli : Uenceteslai : et ipsius sigismundi
453 2001 1785 2050 erga regnum merita commemorant : natam ex corum
462 2067 1895 2125 sangwine elisabet non esse paterna hereditate Buandam
462 2133 1851 2197 inter bohemie reges et austrie principes : fedus extare
459 2200 1800 2266 procerum consensu : Et imperiali auctoritate firmatum
459 2271 1788 2331 ut deficientibus in altera domo masadis heredibus :
453 2338 1854 2393 altera regnum accipiat ‧ defecisse masculos in bohemia :
462 2398 1782 2459 regie scirpis ‧ Successorem ex austria uocandam neque
453 2463 1824 2521 alium regno udoneum uideri quem albertum : qui et uxois
