2479 3508
439 374 1849 509 ali passim per regnu covoneꝰ agitare Sotiatare poputor. hor inini
448 474 1819 550 tmono. illis vtandicu alticore Iuiptore novam cvitatem suir
448 515 1817 600 honibur. dieo nortesqꝫ confuttare. quibꝰ modic sumam sibi—
439 554 1927 671 novi acguitorunt pum quir potiur stoianbengur aput insulam
443 634 1882 717 benodicti confixent. qqno mante plia diount. In pragaandta
439 702 1815 760 columc p pontae pugnatu. Mutturqꝫ utreimqꝫ cadentum. ponr
437 750 1895 819 donqꝫ in ptatam Jussitanu factus: pars dectimo prago nidur,
441 798 1897 908 fidelis in atrionem sese pautem nocoponit. ati inde est aminocuꝰ
446 841 1795 948 continur. quqꝫ diobꝰ. ganissimur ani candelibꝰ autir., Muti
443 889 1851 1024 Utanqꝫ cesi. Nagnifico domiuns opste. ptoru infimo loco siti
446 1002 930 1089 mensumi abi detotum.
771 1071 1699 1212 Custoris vohonuns tidter sorinudꝰꝫ defunt
828 1150 1482 1254 taacnic incipit lege folicitois
598 1184 1867 1325 ni tuc esset rori statur. legati sigisumudi supuonore.
634 1276 1912 1354 qui iegni hubernao accipientes.: cunrantate prascu
622 1328 1869 1412 ta lege iiucias feroro. ut auo urrogradonsi Medita
624 1388 1801 1476 oonoet cuvibꝰ matoes ad sigismtudi iitore. deq
446 1428 1852 1551 lao sua cavi eo tanstgone. Sistia polgna prostam et alia
456 1497 1854 1608 quae occapanonat tom rostituerat Condicianidꝰ acceptir an coptetis
439 1569 1849 1628 Otrini toretioi vuliem noliquore. Consulatꝰ er pristo inone ha i
448 1617 1865 1706 belnaco init. Quiono rudditi ciitar. non tu trattiolir qui er i
446 1675 1858 1773 lessorant rodie ausi. typertabant cui sigifmudi adventu eiiꝰ
448 1732 1801 1836 furia sese tutor sutures aibutrabant. Sed interiuprt spem
439 1797 1801 1880 Qnoni die ab o iuisse. in quitus scupti arat ipui mrons
452 1838 1888 1930 venturu. Regniqꝫ eo no hubernatur. quo pator carolꝰ primaa
446 1897 1806 1964 babomnaturr. qua pr carotꝰ pumcia hutrrnasset. Quitur
437 1947 1882 2025 ex vis intallorant holcetia sectam suami opctusimue. ꝯregnato
435 2010 1914 2095 Canolo nondu oitu valuisset. Prone mahir ac imagismalignati
433 2051 1815 2129 Sibismutur aiit ad sestum natuntatir dominice Ianani quad
439 2123 1810 2229 est moranis opprdi porit. Iqꝫ pragensitꝰ vonia potentitur
437 2184 1854 2286 a lege popuit:. et catonas et ropabula totr et iude Deponanes
433 2251 1862 2340 Onosqꝫ ingratus accipolont paunnt agonita cavitas. Qui rognis
437 2303 1843 2397 faimones ctonatir in aetu manibꝰ adventii novi legir gratula i
437 2351 1845 2440 vundi appostonent. Lunseqꝫ retoros sine quavonsia nelique vuudter
432 2406 1825 2508 admutorant. noec dubur videbat quin tota totonna Juissitaru
432 2462 1786 2571 lades aprossissit. Si oporima sigisimuꝰ lecta se pragam
150 3334 756 3403 vips, Oora crit ec at cup esap
1938 1163 2030 1302 39
2014 3334 2206 3390 Scitt 47 1
2003 289 2091 395 43
