2479 3508
653 436 2042 500 cadauera in sacrario apud Bethleem : quasi marturium reliquie : aroma¬
656 490 2003 548 tibus condita : dum hec aguntur : Generale concilium apud costanciam
656 541 1982 595 sueuorum urbe cogitur in quo de rebus bohemicis sermo habitus :
659 587 2009 648 patrum mentes ingenti cura confecit uoluencium animo : quonammodo
659 640 2018 699 sanari prouincia posset : placuit que tandem sigismundo imperatore
662 695 2003 753 sinadente : iohannem et ieronimum ad sinodum euocari : qui cum ceteriis
653 749 2000 801 eius regni docciores : tum populi ductores : ac heresum principes
653 800 2009 855 habeantur : uenerunt ambo non tamen uerecunde aliena distere quam sua
647 850 2009 907 impudenter ingerere parati docendi quippe quam discendi : cupidiores
659 907 2045 960 et popularis amantes aure auditi sunt in consessu patrum Iohannes
656 963 2057 1008 etate et actoritate maior habitus doctrina ac facundia superior
653 1008 2083 1058 Ieronimus lecti ex omne nacon patres diuini aliter humani iuris doctores:
650 1058 2048 1109 sepe cum is colloquium habuere ‧ dogmata eorum a lege diuina aliena
659 1110 2036 1160 esse monstrarunt ‧ neque bonis conducere moribus : Rogauerunt ne plus
650 1162 2068 1212 sapere : quam ecclesia uellent sed saperent ad sobrietatim : peregrinas
659 1212 2080 1265 opiniones relinquerent ingenia sua que quidam essent nobilissima :
650 1271 2012 1316 uiclesistarum insania ne fedarent eloquenciam qua prediti essent :
650 1322 2074 1370 incorroborandis ecclesie institutis : non euertendis : in edocendis populis
650 1377 2027 1423 non dedocendis exercerent : posse eos et in conspectu dei : et in ecclesia
647 1430 2006 1479 militante : sublimen consequi locum : si reiectis nouitatibus : parum
653 1483 2024 1537 uestigia sequerentur inuencionesque suas uniuersali concilio submitterent
653 1540 2009 1590 scetere in proposito pertinaces bohemorum animi neque uicti racionibus
638 1594 1988 1645 uinci uoluere : seueraces : se sancti ewangelii emulatores se Christi
647 1648 2006 1700 discipulos esse Romanam ecclesiam : ceterasque per orbem dispersas :
650 1705 2057 1757 longe a tradicionibus apostolorum abisse : que opes ac delicias secta¬
647 1764 2051 1812 rentur ‧ domnatum in populis et primos in conuineis accubitus exquirerent
650 1821 2054 1869 canes equos : alerent ecclesiarum bona que Cristi pauperibus deberentur
650 1880 2024 1926 prelasciuiam luxumque consummerent ‧ at nescire prorsus diuina man¬
641 1938 2030 1987 data : aut scientes contemnere : primores magne sinodi : ubi perti¬
641 1998 2000 2047 naciam : et immutabiles annos preditorum homines animaduerterunt :
641 2048 2000 2103 membra ecclesie putrida : que sanari non poterant : neque reliqum
638 2113 2039 2161 corpus inficirent : resecanda consuerunt ‧ lata est in consensu patrum
638 2170 2012 2215 aduersus contumaces : sententia tremandos esse qui doctrinam ecclesie
653 2225 2042 2275 respuerint priores Iohannes igitur conbustus est : Ieronimus diu postea
644 2283 2030 2332 in uinculis habitus : cum respicere nollet : par supplicio affectus
647 2340 1982 2388 pertulerunt ambo constanti animo necem ‧ et quasi ad epulas mutati :
644 2396 2000 2441 ad incendium properarunt nullam emittentes uocem que miseri animi
647 2450 2000 2492 facere posset iudicium ubi ardere ceperunt : ymnum cecinere : quem
653 2492 2057 2551 uix flama et fragor ignis intercipere potuit ‧ nemo philosophorum
