2479 3508
439 362 1875 482 appellant : ciuitas qauis altis defensa rupibus muro et an murali
445 474 1801 554 cinicta est · Iusiiicius annis maiorem urbis partem alluit :
437 518 1810 581 quod reliquu torrens non modicus ambit ‧ Qui cum recta in
443 570 1863 651 lusiicium tenderet : saxeo colle impeditus qua longa est ciuitas
443 644 1873 727 flectere ad dexteram iter coactus : in fine urbis maiori fluuio
439 684 1851 788 miscetur : Spacium istum nam penisulam duo annes efficiunt
448 764 1841 839 uix pedes xxx protenditur ‧ Hic fossa profunda manu facta et
437 812 1860 910 triplex murus ea crassitudine qua nullis effringis machimus
443 882 1849 965 queat ‧ Turres in menibus crebre et propugnacula que ipsi¬
434 945 1839 1041 thaborite expugnandarum urbium magu excogitarunt : locis
437 1006 1858 1090 oportunis constructa ‧ Sic enim refugium omnim hereticorum arcemque
434 1059 1839 1166 Czistha primus erexit : qui eum secuti sunt pro suo quique ingenio :
434 1144 1827 1220 Munimeta urbis auxerunt : nos qualem uidimus ciuitatem
437 1190 1819 1260 deseprsimus : In anne lusimicio auri grana reperiunt Ciceris
443 1253 1871 1314 equanciam magnitudinem que nullo egent purgamento nondum
439 1304 1860 1406 equites aput thaboritas militauerat : Cum essent oes ferme
443 1376 1845 1450 infime piebis homines Et qui non tam nouam fidem secuti quam
439 1441 1860 1535 iudicia et carceres fugisse uidebantur : ncolaus maggiter monete
437 1494 1832 1583 quem Sigismundus ad res curandas in bohemiam miserat : primus
439 1565 1849 1660 omni equorum copiam thaboritis fecit : qui cum mille equitibus
443 1624 1893 1731 in uico cui uogize nomen est : nouis Czisthe motibus occursurus :
434 1673 1834 1777 Considerat : in hunc nocte ipsa parasceues : Czischa ex in
443 1749 1924 1825 prouuiso prorumpens : omnes illi equos ademit : arma surripuit :
441 1817 1849 1922 uicum ncendit : Milites suos equos ascendere : saltare :
446 1891 1825 1967 currere flectere in girum : docunit neque post hac absque
439 1934 1814 2030 alis equitum copias duxit : Nicolaus in arce saluatus est :
435 1985 1852 2105 Inter hec et alia apud bohemos nefanda et maudita prius
437 2046 1875 2168 emersit heresis ‧ pitrardus quidam ex gallia belgica tans¬
443 2118 1867 2199 misso reno per germaniam in bohemiam penetrauit : qui prestigis
437 2183 1856 2291 quibusdam fidem sibi concilians : breui tempore non paruam uirorum
434 2242 1843 2351 mulierumque plebem ad se traxit : quos nudos incedere iubens
439 2304 1795 2410 adamitas uocauit ‧ Et occupata insula quadam : amne
432 2349 1873 2474 lusmicio cuncta : filium se dei dixit : Et adam pocari : connubia
434 2432 1815 2531 eis promistua fuere : nephas tamen in iussu adam mulierum
443 2469 1873 2600 cognostere : Sedut quisque libidine incensus in aliquam exarsit :
151 3330 758 3404 HEIPISES ‧ DOTO ‧ ONB ‧DC ‧ AT TEPIIORBAIIO
1913 1989 2022 2109 ti ‧
2015 3334 2207 3389 SEITEE VO
