2479 3508
432 449 1794 510 inauitque ‧ Ea huiusmodi fuerunt bohemis ac morauir ecclesiasticam
435 509 1788 564 uinonem : pacemque conplectentibus seque in ceterus omnibus : posterque
435 564 1779 631 in usu communioris utruisque speciei : uniuersalis ecclesie fidei :
429 623 1818 686 ac uini ‧ ius qui consuessent : dimine euharistiem communicam
438 680 1794 744 licebit ‧ an uero ex percepto dei : id fieri debeat ‧ Generale
435 739 1848 802 concilium in basilea congegatum desiniet : et quod utilitati fidelium
450 798 1824 867 salutique congruat : lege imperetuum ualitura constituet : quo
456 858 1871 933 facto si perseuerauerint bohemi in euiste comunioris desideis :
441 927 1782 1001 idque missa legatonem petierint : Sacer conuentus bohemiem at
441 994 1827 1063 luouauie sacerdotibus communitandi sibi utraque specie : personas
450 1049 1874 1127 sibi subiectas et in annis discrecionis constitutas et que id reve ¬
453 1112 1862 1190 uenter postulauerint : libertatem impercietor Ea conditionem adiecta
441 1187 1800 1255 Vt inter communicandum plebem publice instruant : non sub specie
447 1246 1797 1318 panis carnem cristi tantum : nec sub specie uini solum sangwineiem
441 1309 1800 1387 Sed sub qualibet specie totum et integrum contineri custum ‧ breuis
447 1372 1824 1450 concordie notula : Verum tot senteciem quot uerba : quibus
450 1419 1854 1509 pereprine de fide sententie : quibus de religionem ritus elosimatus
441 1483 1809 1571 inventor et quod etiam uniumsilis credit : quod querat : bohemorum
456 1546 1797 1631 genti credendum seruandumque precipitur ‧ circa communionem
447 1611 1818 1697 tantum permissa nouitas ceterum inter bohemos et imperatorem
444 1673 1880 1758 alie pacciones interuenere : quibus ecclesiarum praedia occupatoribus :
441 1739 1877 1823 iure pignoris rilictri sunt donet certa pecunia reluerentur :
441 1796 1865 1885 Religiosis utriusas sexus quibus adempta monasteria tenentur ‧
447 1867 1854 1950 Exulibus quoque spes reditus interdicta Rocheciane prageum ‧
462 1930 1919 2011 praesulatus promissus ‧ de disponendo eclesiarum bohemicarum regimine
480 1993 1928 2074 summo pontifice facultas ablata ‧ his sic constitutis Rochciecana
450 2052 1868 2136 tum quatuo aliis prispiteris nomen totius cleri sibi adherentis :
447 2112 1898 2199 Bedente sigismundo pro tribunali in  foro ciuitatis erecto : assisiente
447 2184 1839 2265 alberto geneuo : magnas proterum et oratorum circumstante
453 2242 1889 2326 corona : obedienciam romane ecclesiae praestare professus est ‧
462 2304 1862 2380 Vero die hoius ab simili solemnitate absoluti sunt ab ana ¬
447 2378 1836 2446 themate ceterisque censimus heretici : Et in ecclesiam per concilii
450 2447 1907 2509 legatus introducti ‧ ubi cum diunia celebrarentur : Rocheczana
