2479 3508
650 434 2033 507 Etatis uero sue anno circiter  .L. perfida husitarum insania ortum habuit
647 479 1988 554 cuius et originem : et processum : hoc loco prosequi animus est quantum
650 535 2045 599 circa pestis : omnem pene germanam conturbauit . neque adhuc extuta
659 592 2042 648 Regni bohemici magnam partem occupat rexerant scolam pragensis
662 643 2006 706 usque in ea tempora theutones . id molestissimum bohemis fuit
647 703 2027 757 hominibus nam ferocibus : citi indomitis : ex quibus uni quidam genere
650 762 2009 815 nobilis : ex domo quam putridi pistis uocant: apud Oxoniam
659 813 2003 869 anglie ciuitatem: litteris instructus  cum iohannis : uicleffi libicos
656 871 2074 924 offendisset: quibus de uocalibus uniuersalibus titulis inscribitur : magnopere
659 922 2042 982 illis oblectatus exemplaria secum attulit . inter qua de ciuili domino:
662 981 2048 1039 de ecclesia de diuersis questionibus contra clerum : pleraque uolumnia ueluti
656 1037 2009 1098 preciosum thesaurum : patrie sue intulit imbutus iam ipse uides istarum
647 1091 2048 1152 ueneno: et ad nocendum paratus : nam quam qui erat familie sue cognomina:
656 1142 2060 1205 putridi pistem id est fetidum uncus : in ciues suos euomuit : como¬
656 1196 2000 1253 dauit ante scriptaque attulerat: is potissime que theutonicorum
653 1252 2039 1303 odio tenebantur quos Iohannes emicuit : obstinco loco natus : ex uilla
659 1306 2015 1355 heres : quod anserem significat : cognomentum mutatus . hic cum
659 1369 1988 1418 cetera ingenio peracri : et ligua discreta : multumque dialecticis
650 1422 2024 1471 oblectaretur : et peregrinas opimos amaret : auide admodum
653 1482 2048 1525 uideffitarum doctrinam auripuit eaque theutonicusque uexare . nigros
647 1540 2024 1593 cepit. Sperans eo modo confusos theutones scolam relicturos
632 1599 2030 1645 quod tum non succederet : a Uencieslao impetratum : ut pragensis
650 1655 2015 1704 Simmasum ritu pariscense . gubernaretur ea res ingratum scole
653 1715 2006 1761 theutonibus abstulit. Quare ob tamque commoti nigri ac discipuli
647 1776 2051 1822 theutonici generis : uncercando adacti : uno die super duo milia
647 1837 2021 1880 pragam reliquere . Nec diu post cunctiter tria milia secuti :
653 1891 2048 1937 apud lipzicham misne ciuitatem : tum dierum itinere a praga
644 1949 2083 1997 distantem : uniuersale studium exercere : bohemis scole sue guber¬
641 2008 1982 2060 natio libera patuit. or nouum princeps habitus est iohannes
650 2061 1994 2119 heredes lignea potens . et mudroris uite opinione clarus . qui
647 2118 2015 2179 ubi satis fidei compartum sibi existimauit : uenenum op iampridem
641 2182 2003 2242 occulte conceperat: palam cuomuit : fundauerat opulentus
641 2235 2039 2298 quidam ciuis in urbe pragensi : sub nomine mathie et mathei :
644 2307 1982 2358 haud ignobile templum : quod bethleem appellauit : redditibus
641 2369 2051 2421 additis : ex quibus duo predicatores aleuentur or in festis profestisque
635 2426 1988 2487 diebus uerbum dei bohemico sermone plebibus insinuarent :
638 2480 1982 2547 horum alter iohannes assumptus est : qui cum se libenter audiui anima
