<?xml version="1.0" encoding="UTF-8" standalone="yes"?>
<PcGts xmlns="http://schema.primaresearch.org/PAGE/gts/pagecontent/2013-07-15" xmlns:xsi="http://www.w3.org/2001/XMLSchema-instance" xsi:schemaLocation="http://schema.primaresearch.org/PAGE/gts/pagecontent/2013-07-15 http://schema.primaresearch.org/PAGE/gts/pagecontent/2013-07-15/pagecontent.xsd">
    <Metadata>
        <Creator>Transkribus</Creator>
        <Created>2025-10-17T12:55:07.647+02:00</Created>
        <LastChange>2025-11-17T23:53:26.046+01:00</LastChange>
    </Metadata>
    <Page imageFilename="11421593_0038_104475235.jpeg" imageWidth="2479" imageHeight="3508">
        <ReadingOrder>
            <OrderedGroup id="ro_1765535182888" caption="Regions reading order">
                <RegionRefIndexed index="0" regionRef="tr_1"/>
                <RegionRefIndexed index="1" regionRef="tr_2"/>
            </OrderedGroup>
        </ReadingOrder>
        <TextRegion orientation="0.0" id="tr_1" custom="readingOrder {index:0;}">
            <Coords points="321,413 331,2558 1939,2597 1924,408"/>
            <TextLine id="tr_1_tl_1" custom="readingOrder {index:0;}">
                <Coords points="447,483 514,483 582,485 650,484 718,486 786,489 853,489 921,489 989,489 1057,489 1125,486 1192,485 1260,480 1328,480 1396,480 1464,481 1531,483 1599,480 1667,483 1735,480 1803,480 1803,443 1735,443 1667,446 1599,443 1531,446 1464,444 1396,443 1328,443 1260,443 1192,448 1125,449 1057,452 989,452 921,452 853,452 786,452 718,449 650,447 582,448 514,446 447,446"/>
                <Baseline points="447,471 514,471 582,473 650,472 718,474 786,477 853,477 921,477 989,477 1057,477 1125,474 1192,473 1260,468 1328,468 1396,468 1464,469 1531,471 1599,468 1667,471 1735,468 1803,468"/>
                <TextEquiv>
                    <Unicode>diuertitur : multa de libris iohannis Uicleffi in medium attulit asserentes</Unicode>
                </TextEquiv>
            </TextLine>
            <TextLine id="tr_1_tl_2" custom="readingOrder {index:1;}">
                <Coords points="453,534 524,539 596,540 667,542 739,545 810,546 882,541 953,540 1025,540 1096,540 1168,540 1239,535 1311,537 1382,537 1454,537 1525,537 1597,535 1668,534 1740,531 1812,534 1812,497 1740,494 1668,497 1597,498 1525,500 1454,500 1382,500 1311,500 1239,498 1168,503 1096,503 1025,503 953,503 882,504 810,509 739,508 667,505 596,503 524,502 453,497"/>
                <Baseline points="453,522 524,527 596,528 667,530 739,533 810,534 882,529 953,528 1025,528 1096,528 1168,528 1239,523 1311,525 1382,525 1454,525 1525,525 1597,523 1668,522 1740,519 1812,522"/>
                <TextEquiv>
                    <Unicode>in eis omnem ueritatem continetur : adiciensque crebro interpredicandum: </Unicode>
                </TextEquiv>
            </TextLine>
            <TextLine id="tr_1_tl_3" custom="readingOrder {index:2;}">
                <Coords points="450,603 518,597 586,602 654,600 722,601 790,600 858,600 926,598 994,598 1062,597 1131,597 1199,591 1267,591 1335,594 1403,594 1471,596 1539,591 1607,593 1675,588 1743,587 1812,591 1812,555 1743,551 1675,552 1607,557 1539,555 1471,560 1403,558 1335,558 1267,555 1199,555 1131,561 1062,561 994,562 926,562 858,564 790,564 722,565 654,564 586,566 518,561 450,567"/>
                <Baseline points="450,591 518,585 586,590 654,588 722,589 790,588 858,588 926,586 994,586 1062,585 1131,585 1199,579 1267,579 1335,582 1403,582 1471,584 1539,579 1607,581 1675,576 1743,575 1812,579"/>
                <TextEquiv>
                    <Unicode>se postquam ex hac luce migraret in ea loca proficisci cupere :</Unicode>
                </TextEquiv>
            </TextLine>
            <TextLine id="tr_1_tl_4" custom="readingOrder {index:3;}">
                <Coords points="450,653 521,655 593,656 664,658 736,659 808,659 879,658 951,656 1023,656 1094,653 1166,653 1238,650 1309,648 1381,653 1453,653 1524,650 1596,653 1668,653 1739,653 1811,656 1883,662 1883,626 1811,620 1739,617 1668,617 1596,617 1524,614 1453,617 1381,617 1309,612 1238,614 1166,617 1094,617 1023,620 951,620 879,622 808,623 736,623 664,622 593,620 521,619 450,617"/>
                <Baseline points="450,641 521,643 593,644 664,646 736,647 808,647 879,646 951,644 1023,644 1094,641 1166,641 1238,638 1309,636 1381,641 1453,641 1524,638 1596,641 1668,641 1739,641 1811,644 1883,650"/>
                <TextEquiv>
                    <Unicode>ad que Uicleffi anima peruenisset . Quem unum fuisse bonum : scilicet inquam</Unicode>
                </TextEquiv>
            </TextLine>
            <TextLine id="tr_1_tl_5" custom="readingOrder {index:4;}">
                <Coords points="456,711 525,713 595,717 665,720 735,722 805,720 875,722 945,720 1015,717 1085,717 1155,717 1224,714 1294,711 1364,711 1434,713 1504,714 1574,714 1644,714 1714,714 1784,711 1854,714 1854,674 1784,671 1714,674 1644,674 1574,674 1504,674 1434,673 1364,671 1294,671 1224,674 1155,677 1085,677 1015,677 945,680 875,682 805,680 735,682 665,680 595,677 525,673 456,671"/>
                <Baseline points="456,698 525,700 595,704 665,707 735,709 805,707 875,709 945,707 1015,704 1085,704 1155,704 1224,701 1294,698 1364,698 1434,700 1504,701 1574,701 1644,701 1714,701 1784,698 1854,701"/>
                <TextEquiv>
                    <Unicode>celoque dignum : non dubitaret . Sequebantur iohannem clerici ferme</Unicode>
                </TextEquiv>
            </TextLine>
            <TextLine id="tr_1_tl_6" custom="readingOrder {index:5;}">
                <Coords points="447,771 515,773 584,777 653,779 722,780 791,783 860,783 928,781 997,780 1066,780 1135,779 1204,777 1273,777 1342,774 1410,775 1479,774 1548,774 1617,774 1686,774 1755,774 1824,771 1824,731 1755,734 1686,734 1617,734 1548,734 1479,734 1410,735 1342,734 1273,737 1204,737 1135,739 1066,740 997,740 928,741 860,743 791,743 722,740 653,739 584,737 515,733 447,731"/>
                <Baseline points="447,758 515,760 584,764 653,766 722,767 791,770 860,770 928,768 997,767 1066,767 1135,766 1204,764 1273,764 1342,761 1410,762 1479,761 1548,761 1617,761 1686,761 1755,761 1824,758"/>
                <TextEquiv>
                    <Unicode>omnes : ere alieno generati sceleribus : ac sedicionibus insignes :</Unicode>
                </TextEquiv>
            </TextLine>
            <TextLine id="tr_1_tl_7" custom="readingOrder {index:6;}">
                <Coords points="453,837 520,837 587,837 655,839 722,842 789,842 857,845 924,847 991,848 1059,845 1126,848 1193,843 1261,845 1328,843 1395,842 1463,840 1530,839 1597,838 1665,839 1732,839 1800,839 1800,799 1732,799 1665,799 1597,798 1530,799 1463,800 1395,802 1328,803 1261,805 1193,803 1126,808 1059,805 991,808 924,807 857,805 789,802 722,802 655,799 587,797 520,797 453,797"/>
                <Baseline points="453,824 520,824 587,824 655,826 722,829 789,829 857,832 924,834 991,835 1059,832 1126,835 1193,830 1261,832 1328,830 1395,829 1463,827 1530,826 1597,825 1665,826 1732,826 1800,826"/>
                <TextEquiv>
                    <Unicode>qui rerum nouitate : eu'a'dere penas : arbitrabantur . his et</Unicode>
                </TextEquiv>
            </TextLine>
            <TextLine id="tr_1_tl_8" custom="readingOrder {index:7;}">
                <Coords points="441,893 512,898 583,896 654,901 725,903 797,905 868,905 939,908 1010,908 1081,911 1153,908 1224,908 1295,908 1366,908 1437,905 1509,902 1580,899 1651,899 1722,899 1793,903 1865,902 1865,862 1793,863 1722,859 1651,859 1580,859 1509,862 1437,865 1366,868 1295,868 1224,868 1153,868 1081,871 1010,868 939,868 868,865 797,865 725,863 654,861 583,856 512,858 441,853"/>
                <Baseline points="441,880 512,885 583,883 654,888 725,890 797,892 868,892 939,895 1010,895 1081,898 1153,895 1224,895 1295,895 1366,895 1437,892 1509,889 1580,886 1651,886 1722,886 1793,890 1865,889"/>
                <TextEquiv>
                    <Unicode>non nulli doctrina celebres iuncti erant . Qui tum in ecclesia dig¬</Unicode>
                </TextEquiv>
            </TextLine>
            <TextLine id="tr_1_tl_9" custom="readingOrder {index:8;}">
                <Coords points="426,953 496,955 567,956 637,963 708,965 778,965 849,965 919,965 990,968 1060,965 1131,967 1201,968 1272,968 1342,968 1413,968 1483,966 1554,962 1624,960 1695,959 1765,964 1836,965 1836,925 1765,924 1695,919 1624,920 1554,922 1483,926 1413,928 1342,928 1272,928 1201,928 1131,927 1060,925 990,928 919,925 849,925 778,925 708,925 637,923 567,916 496,915 426,913"/>
                <Baseline points="426,940 496,942 567,943 637,950 708,952 778,952 849,952 919,952 990,955 1060,952 1131,954 1201,955 1272,955 1342,955 1413,955 1483,953 1554,949 1624,947 1695,946 1765,951 1836,952"/>
                <TextEquiv>
                    <Unicode>nitatem consequi non potuissent . iniquo animo ferebant sacer¬</Unicode>
                </TextEquiv>
            </TextLine>
            <TextLine id="tr_1_tl_10" custom="readingOrder {index:9;}">
                <Coords points="438,1022 508,1021 578,1025 649,1027 719,1029 789,1031 860,1032 930,1031 1000,1031 1071,1028 1141,1028 1211,1031 1282,1031 1352,1034 1422,1034 1493,1031 1563,1028 1633,1028 1704,1029 1774,1031 1845,1031 1845,991 1774,991 1704,989 1633,988 1563,988 1493,991 1422,994 1352,994 1282,991 1211,991 1141,988 1071,988 1000,991 930,991 860,992 789,991 719,989 649,987 578,985 508,981 438,982"/>
                <Baseline points="438,1009 508,1008 578,1012 649,1014 719,1016 789,1018 860,1019 930,1018 1000,1018 1071,1015 1141,1015 1211,1018 1282,1018 1352,1021 1422,1021 1493,1018 1563,1015 1633,1015 1704,1016 1774,1018 1845,1018"/>
                <TextEquiv>
                    <Unicode>dotia maiorum censum is committi : qui quamuis nobilitate preirent :</Unicode>
                </TextEquiv>
            </TextLine>
            <TextLine id="tr_1_tl_11" custom="readingOrder {index:10;}">
                <Coords points="447,1081 515,1077 584,1081 652,1084 721,1087 789,1089 858,1091 926,1095 995,1094 1063,1094 1132,1092 1201,1090 1269,1090 1338,1090 1406,1090 1475,1093 1543,1090 1612,1090 1680,1092 1749,1093 1818,1090 1818,1050 1749,1053 1680,1052 1612,1050 1543,1050 1475,1053 1406,1050 1338,1050 1269,1050 1201,1050 1132,1052 1063,1054 995,1054 926,1055 858,1051 789,1049 721,1047 652,1044 584,1041 515,1037 447,1041"/>
                <Baseline points="447,1068 515,1064 584,1068 652,1071 721,1074 789,1076 858,1078 926,1082 995,1081 1063,1081 1132,1079 1201,1077 1269,1077 1338,1077 1406,1077 1475,1080 1543,1077 1612,1077 1680,1079 1749,1080 1818,1077"/>
                <TextEquiv>
                    <Unicode>Scientia tum uiderent et qui intellexerant non intelligerent</Unicode>
                </TextEquiv>
            </TextLine>
            <TextLine id="tr_1_tl_12" custom="readingOrder {index:11;}">
                <Coords points="456,1141 526,1140 596,1144 666,1146 737,1148 807,1150 877,1153 948,1153 1018,1151 1088,1150 1159,1151 1229,1149 1299,1147 1369,1147 1440,1147 1510,1147 1580,1147 1651,1147 1721,1150 1791,1150 1862,1153 1862,1113 1791,1110 1721,1110 1651,1107 1580,1107 1510,1107 1440,1107 1369,1107 1299,1107 1229,1109 1159,1111 1088,1110 1018,1111 948,1113 877,1113 807,1110 737,1108 666,1106 596,1104 526,1100 456,1101"/>
                <Baseline points="456,1128 526,1127 596,1131 666,1133 737,1135 807,1137 877,1140 948,1140 1018,1138 1088,1137 1159,1138 1229,1136 1299,1134 1369,1134 1440,1134 1510,1134 1580,1134 1651,1134 1721,1137 1791,1137 1862,1140"/>
                <TextEquiv>
                    <Unicode>prorumperunt in blaspemias : et tum aliquibus ignaris fortasse</Unicode>
                </TextEquiv>
            </TextLine>
            <TextLine id="tr_1_tl_13" custom="readingOrder {index:12;}">
                <Coords points="447,1201 514,1202 581,1207 648,1210 715,1210 783,1210 850,1213 917,1216 984,1216 1051,1213 1119,1210 1186,1210 1253,1210 1320,1208 1387,1207 1455,1209 1522,1207 1589,1209 1656,1207 1723,1207 1791,1210 1791,1170 1723,1167 1656,1167 1589,1169 1522,1167 1455,1169 1387,1167 1320,1168 1253,1170 1186,1170 1119,1170 1051,1173 984,1176 917,1176 850,1173 783,1170 715,1170 648,1170 581,1167 514,1162 447,1161"/>
                <Baseline points="447,1188 514,1189 581,1194 648,1197 715,1197 783,1197 850,1200 917,1203 984,1203 1051,1200 1119,1197 1186,1197 1253,1197 1320,1195 1387,1194 1455,1196 1522,1194 1589,1196 1656,1194 1723,1194 1791,1197"/>
                <TextEquiv>
                    <Unicode> ac uiciosis maledicere possent in omnes latrare sacerdotes </Unicode>
                </TextEquiv>
            </TextLine>
            <TextLine id="tr_1_tl_14" custom="readingOrder {index:13;}">
                <Coords points="456,1260 523,1263 591,1266 658,1272 726,1272 794,1272 861,1275 929,1275 997,1275 1064,1276 1132,1272 1200,1275 1267,1275 1335,1275 1403,1275 1470,1275 1538,1275 1606,1273 1673,1272 1741,1272 1809,1272 1809,1233 1741,1233 1673,1233 1606,1234 1538,1236 1470,1236 1403,1236 1335,1236 1267,1236 1200,1236 1132,1233 1064,1237 997,1236 929,1236 861,1236 794,1233 726,1233 658,1233 591,1227 523,1224 456,1221"/>
                <Baseline points="456,1247 523,1250 591,1253 658,1259 726,1259 794,1259 861,1262 929,1262 997,1262 1064,1263 1132,1259 1200,1262 1267,1262 1335,1262 1403,1262 1470,1262 1538,1262 1606,1260 1673,1259 1741,1259 1809,1259"/>
                <TextEquiv>
                    <Unicode>cepere . et ab ecclesia Chatholica recedentes : ipsam ualdensium</Unicode>
                </TextEquiv>
            </TextLine>
            <TextLine id="tr_1_tl_15" custom="readingOrder {index:14;}">
                <Coords points="456,1320 525,1317 594,1320 663,1325 732,1329 801,1332 870,1332 940,1334 1009,1334 1078,1332 1147,1332 1216,1332 1285,1335 1354,1332 1424,1332 1493,1332 1562,1334 1631,1335 1700,1335 1769,1334 1839,1335 1839,1296 1769,1295 1700,1296 1631,1296 1562,1295 1493,1293 1424,1293 1354,1293 1285,1296 1216,1293 1147,1293 1078,1293 1009,1295 940,1295 870,1293 801,1293 732,1290 663,1286 594,1281 525,1278 456,1281"/>
                <Baseline points="456,1307 525,1304 594,1307 663,1312 732,1316 801,1319 870,1319 940,1321 1009,1321 1078,1319 1147,1319 1216,1319 1285,1322 1354,1319 1424,1319 1493,1319 1562,1321 1631,1322 1700,1322 1769,1321 1839,1322"/>
                <TextEquiv>
                    <Unicode>sectam alii insaniam amplexi sunt . huius pestifere ac iampridem</Unicode>
                </TextEquiv>
            </TextLine>
            <TextLine id="tr_1_tl_16" custom="readingOrder {index:15;}">
                <Coords points="459,1377 528,1376 598,1381 667,1386 737,1386 807,1386 876,1388 946,1392 1015,1392 1085,1389 1155,1390 1224,1389 1294,1389 1363,1389 1433,1389 1503,1389 1572,1386 1642,1390 1711,1392 1781,1392 1851,1392 1851,1353 1781,1353 1711,1353 1642,1351 1572,1347 1503,1350 1433,1350 1363,1350 1294,1350 1224,1350 1155,1351 1085,1350 1015,1353 946,1353 876,1349 807,1347 737,1347 667,1347 598,1342 528,1337 459,1338"/>
                <Baseline points="459,1364 528,1363 598,1368 667,1373 737,1373 807,1373 876,1375 946,1379 1015,1379 1085,1376 1155,1377 1224,1376 1294,1376 1363,1376 1433,1376 1503,1376 1572,1373 1642,1377 1711,1379 1781,1379 1851,1379"/>
                <TextEquiv>
                    <Unicode>dampnate factionis : dogmata sunt romanum presulem : Reliquis</Unicode>
                </TextEquiv>
            </TextLine>
            <TextLine id="tr_1_tl_17" custom="readingOrder {index:16;}">
                <Coords points="456,1440 524,1440 592,1446 661,1449 729,1452 798,1450 866,1452 934,1451 1003,1451 1071,1451 1140,1449 1208,1449 1276,1451 1345,1449 1413,1449 1482,1449 1550,1452 1618,1452 1687,1452 1755,1449 1824,1452 1824,1412 1755,1409 1687,1412 1618,1412 1550,1412 1482,1409 1413,1409 1345,1409 1276,1411 1208,1409 1140,1409 1071,1411 1003,1411 934,1411 866,1412 798,1410 729,1412 661,1409 592,1406 524,1400 456,1400"/>
                <Baseline points="456,1427 524,1427 592,1433 661,1436 729,1439 798,1437 866,1439 934,1438 1003,1438 1071,1438 1140,1436 1208,1436 1276,1438 1345,1436 1413,1436 1482,1436 1550,1439 1618,1439 1687,1439 1755,1436 1824,1439"/>
                <TextEquiv>
                    <Unicode>episcopis parcere esse : inter sacerdotes nullum distamen . prespiterum non</Unicode>
                </TextEquiv>
            </TextLine>
            <TextLine id="tr_1_tl_18" custom="readingOrder {index:17;}">
                <Coords points="450,1499 519,1504 588,1508 657,1513 726,1514 795,1517 864,1514 934,1514 1003,1514 1072,1517 1141,1517 1210,1517 1279,1514 1348,1514 1418,1511 1487,1514 1556,1516 1625,1514 1694,1514 1763,1511 1833,1511 1833,1471 1763,1471 1694,1474 1625,1474 1556,1476 1487,1474 1418,1471 1348,1474 1279,1474 1210,1477 1141,1477 1072,1477 1003,1474 934,1474 864,1474 795,1477 726,1474 657,1473 588,1468 519,1464 450,1459"/>
                <Baseline points="450,1486 519,1491 588,1495 657,1500 726,1501 795,1504 864,1501 934,1501 1003,1501 1072,1504 1141,1504 1210,1504 1279,1501 1348,1501 1418,1498 1487,1501 1556,1503 1625,1501 1694,1501 1763,1498 1833,1498"/>
                <TextEquiv>
                    <Unicode>dignitatem : sed uite meritum : efficere pociorem . anima e corporibus </Unicode>
                </TextEquiv>
            </TextLine>
            <TextLine id="tr_1_tl_19" custom="readingOrder {index:18;}">
                <Coords points="453,1565 523,1565 593,1567 663,1572 733,1574 804,1574 874,1574 944,1574 1014,1574 1084,1574 1155,1576 1225,1574 1295,1574 1365,1571 1435,1569 1506,1568 1576,1570 1646,1568 1716,1571 1786,1561 1857,1559 1857,1519 1786,1521 1716,1531 1646,1528 1576,1530 1506,1528 1435,1529 1365,1531 1295,1534 1225,1534 1155,1536 1084,1534 1014,1534 944,1534 874,1534 804,1534 733,1534 663,1532 593,1527 523,1525 453,1525"/>
                <Baseline points="453,1552 523,1552 593,1554 663,1559 733,1561 804,1561 874,1561 944,1561 1014,1561 1084,1561 1155,1563 1225,1561 1295,1561 1365,1558 1435,1556 1506,1555 1576,1557 1646,1555 1716,1558 1786,1548 1857,1546"/>
                <TextEquiv>
                    <Unicode>excedentes aut in externas euestigio penas mergi : aut perpetua</Unicode>
                </TextEquiv>
            </TextLine>
            <TextLine id="tr_1_tl_20" custom="readingOrder {index:19;}">
                <Coords points="462,1625 529,1626 597,1631 665,1631 733,1631 801,1631 868,1631 936,1634 1004,1634 1072,1634 1140,1637 1207,1635 1275,1634 1343,1632 1411,1628 1479,1628 1546,1630 1614,1628 1682,1629 1750,1629 1818,1631 1818,1592 1750,1590 1682,1590 1614,1589 1546,1591 1479,1589 1411,1589 1343,1593 1275,1595 1207,1596 1140,1598 1072,1595 1004,1595 936,1595 868,1592 801,1592 733,1592 665,1592 597,1592 529,1587 462,1586"/>
                <Baseline points="462,1612 529,1613 597,1618 665,1618 733,1618 801,1618 868,1618 936,1621 1004,1621 1072,1621 1140,1624 1207,1622 1275,1621 1343,1619 1411,1615 1479,1615 1546,1617 1614,1615 1682,1616 1750,1616 1818,1618"/>
                <TextEquiv>
                    <Unicode>consequi gaudia . purgatorum ignem nullum inueniri uanum</Unicode>
                </TextEquiv>
            </TextLine>
            <TextLine id="tr_1_tl_21" custom="readingOrder {index:20;}">
                <Coords points="456,1678 524,1681 593,1684 661,1689 730,1690 798,1688 867,1690 935,1692 1004,1693 1072,1693 1141,1692 1210,1690 1278,1687 1347,1687 1415,1689 1484,1687 1552,1684 1621,1684 1689,1684 1758,1684 1827,1687 1827,1648 1758,1645 1689,1645 1621,1645 1552,1645 1484,1648 1415,1650 1347,1648 1278,1648 1210,1651 1141,1653 1072,1654 1004,1654 935,1653 867,1651 798,1649 730,1651 661,1650 593,1645 524,1642 456,1639"/>
                <Baseline points="456,1665 524,1668 593,1671 661,1676 730,1677 798,1675 867,1677 935,1679 1004,1680 1072,1680 1141,1679 1210,1677 1278,1674 1347,1674 1415,1676 1484,1674 1552,1671 1621,1671 1689,1671 1758,1671 1827,1674"/>
                <TextEquiv>
                    <Unicode>esse orare pro mortuis : et auaricie sacerdotalis inuentum :</Unicode>
                </TextEquiv>
            </TextLine>
            <TextLine id="tr_1_tl_22" custom="readingOrder {index:21;}">
                <Coords points="343,1726 417,1735 491,1744 565,1747 639,1749 713,1750 787,1753 861,1753 935,1756 1009,1756 1083,1754 1157,1752 1231,1750 1305,1747 1379,1747 1453,1745 1527,1744 1601,1744 1675,1745 1749,1746 1824,1750 1824,1710 1749,1706 1675,1705 1601,1704 1527,1704 1453,1705 1379,1707 1305,1707 1231,1710 1157,1712 1083,1714 1009,1716 935,1716 861,1713 787,1713 713,1710 639,1709 565,1707 491,1704 417,1695 343,1686"/>
                <Baseline points="343,1713 417,1722 491,1731 565,1734 639,1736 713,1737 787,1740 861,1740 935,1743 1009,1743 1083,1741 1157,1739 1231,1737 1305,1734 1379,1734 1453,1732 1527,1731 1601,1731 1675,1732 1749,1733 1824,1737"/>
                <TextEquiv>
                    <Unicode>dei 'ac' sanctorum imagines delendas aquarum salmarum benedictos</Unicode>
                </TextEquiv>
            </TextLine>
            <TextLine id="tr_1_tl_23" custom="readingOrder {index:22;}">
                <Coords points="444,1801 517,1803 590,1808 663,1813 736,1815 809,1816 882,1816 955,1814 1028,1816 1101,1814 1174,1812 1247,1810 1320,1809 1393,1809 1466,1807 1539,1807 1612,1807 1685,1809 1758,1814 1831,1816 1904,1819 1904,1779 1831,1776 1758,1774 1685,1769 1612,1767 1539,1767 1466,1767 1393,1769 1320,1769 1247,1770 1174,1772 1101,1774 1028,1776 955,1774 882,1776 809,1776 736,1775 663,1773 590,1768 517,1763 444,1761"/>
                <Baseline points="444,1788 517,1790 590,1795 663,1800 736,1802 809,1803 882,1803 955,1801 1028,1803 1101,1801 1174,1799 1247,1797 1320,1796 1393,1796 1466,1794 1539,1794 1612,1794 1685,1796 1758,1801 1831,1803 1904,1806"/>
                <TextEquiv>
                    <Unicode>nauidendas mendicantum religiones malos demones inuenisse : sacer¬</Unicode>
                </TextEquiv>
            </TextLine>
            <TextLine id="tr_1_tl_24" custom="readingOrder {index:23;}">
                <Coords points="447,1861 517,1863 587,1867 657,1870 727,1873 798,1880 868,1881 938,1881 1008,1878 1078,1878 1149,1878 1219,1877 1289,1873 1359,1872 1429,1872 1500,1868 1570,1867 1640,1871 1710,1875 1780,1875 1851,1881 1851,1841 1780,1835 1710,1835 1640,1831 1570,1827 1500,1828 1429,1832 1359,1832 1289,1833 1219,1837 1149,1838 1078,1838 1008,1838 938,1841 868,1841 798,1840 727,1833 657,1830 587,1827 517,1823 447,1821"/>
                <Baseline points="447,1848 517,1850 587,1854 657,1857 727,1860 798,1867 868,1868 938,1868 1008,1865 1078,1865 1149,1865 1219,1864 1289,1860 1359,1859 1429,1859 1500,1855 1570,1854 1640,1858 1710,1862 1780,1862 1851,1868"/>
                <TextEquiv>
                    <Unicode>dotes pauperes esse debere : sola contentos elemosina liberaque</Unicode>
                </TextEquiv>
            </TextLine>
            <TextLine id="tr_1_tl_25" custom="readingOrder {index:24;}">
                <Coords points="441,1924 511,1921 582,1927 652,1932 723,1934 793,1936 864,1937 934,1936 1005,1936 1075,1936 1146,1934 1216,1930 1287,1933 1357,1932 1428,1930 1498,1930 1569,1931 1639,1933 1710,1933 1780,1936 1851,1939 1851,1905 1780,1902 1710,1899 1639,1899 1569,1897 1498,1896 1428,1896 1357,1898 1287,1899 1216,1896 1146,1900 1075,1902 1005,1902 934,1902 864,1903 793,1902 723,1900 652,1898 582,1893 511,1887 441,1890"/>
                <Baseline points="441,1913 511,1910 582,1916 652,1921 723,1923 793,1925 864,1926 934,1925 1005,1925 1075,1925 1146,1923 1216,1919 1287,1922 1357,1921 1428,1919 1498,1919 1569,1920 1639,1922 1710,1922 1780,1925 1851,1928"/>
                <TextEquiv>
                    <Unicode>cuique uerbi predicatorem patere . nullum capitale peccatum : quantum</Unicode>
                </TextEquiv>
            </TextLine>
            <TextLine id="tr_1_tl_26" custom="readingOrder {index:25;}">
                <Coords points="456,1982 525,1988 595,1991 665,1996 735,2000 805,2000 875,2003 945,2000 1015,2000 1085,2003 1155,1998 1224,1994 1294,1994 1364,1994 1434,1992 1504,1988 1574,1985 1644,1988 1714,1991 1784,1991 1854,1988 1854,1952 1784,1955 1714,1955 1644,1952 1574,1949 1504,1952 1434,1956 1364,1958 1294,1958 1224,1958 1155,1962 1085,1967 1015,1964 945,1964 875,1967 805,1964 735,1964 665,1960 595,1955 525,1952 456,1946"/>
                <Baseline points="456,1970 525,1976 595,1979 665,1984 735,1988 805,1988 875,1991 945,1988 1015,1988 1085,1991 1155,1986 1224,1982 1294,1982 1364,1982 1434,1980 1504,1976 1574,1973 1644,1976 1714,1979 1784,1979 1854,1976"/>
                <TextEquiv>
                    <Unicode>uis maioris mali uitandi gracia : tollerandum qui mortlis culpe</Unicode>
                </TextEquiv>
            </TextLine>
            <TextLine id="tr_1_tl_27" custom="readingOrder {index:26;}">
                <Coords points="450,2039 518,2042 586,2051 654,2056 722,2060 790,2059 858,2063 926,2061 994,2060 1062,2060 1131,2057 1199,2057 1267,2051 1335,2051 1403,2049 1471,2051 1539,2048 1607,2048 1675,2052 1743,2054 1812,2060 1812,2024 1743,2018 1675,2016 1607,2012 1539,2012 1471,2015 1403,2013 1335,2015 1267,2015 1199,2021 1131,2021 1062,2024 994,2024 926,2025 858,2027 790,2023 722,2024 654,2020 586,2015 518,2006 450,2003"/>
                <Baseline points="450,2027 518,2030 586,2039 654,2044 722,2048 790,2047 858,2051 926,2049 994,2048 1062,2048 1131,2045 1199,2045 1267,2039 1335,2039 1403,2037 1471,2039 1539,2036 1607,2036 1675,2040 1743,2042 1812,2048"/>
                <TextEquiv>
                    <Unicode>reus sit : cum neque seculari neque ecclestica dignitate potiri ;</Unicode>
                </TextEquiv>
            </TextLine>
            <TextLine id="tr_1_tl_28" custom="readingOrder {index:27;}">
                <Coords points="447,2092 519,2096 591,2105 663,2109 735,2114 807,2119 879,2120 951,2119 1023,2119 1095,2122 1168,2122 1240,2117 1312,2113 1384,2110 1456,2110 1528,2110 1600,2107 1672,2108 1744,2110 1816,2110 1889,2107 1889,2071 1816,2074 1744,2074 1672,2072 1600,2071 1528,2074 1456,2074 1384,2074 1312,2077 1240,2081 1168,2086 1095,2086 1023,2083 951,2083 879,2084 807,2083 735,2078 663,2073 591,2069 519,2060 447,2056"/>
                <Baseline points="447,2080 519,2084 591,2093 663,2097 735,2102 807,2107 879,2108 951,2107 1023,2107 1095,2110 1168,2110 1240,2105 1312,2101 1384,2098 1456,2098 1528,2098 1600,2095 1672,2096 1744,2098 1816,2098 1889,2095"/>
                <TextEquiv>
                    <Unicode>neque parendum ei confirmatori : quam crismate pontifices inducit</Unicode>
                </TextEquiv>
            </TextLine>
            <TextLine id="tr_1_tl_29" custom="readingOrder {index:28;}">
                <Coords points="453,2149 524,2155 595,2162 666,2172 737,2173 809,2173 880,2176 951,2176 1022,2176 1093,2176 1165,2173 1236,2169 1307,2167 1378,2164 1449,2166 1521,2164 1592,2164 1663,2167 1734,2170 1805,2173 1877,2176 1877,2139 1805,2136 1734,2133 1663,2130 1592,2127 1521,2127 1449,2129 1378,2127 1307,2130 1236,2132 1165,2136 1093,2139 1022,2139 951,2139 880,2139 809,2136 737,2136 666,2135 595,2125 524,2118 453,2112"/>
                <Baseline points="453,2137 524,2143 595,2150 666,2160 737,2161 809,2161 880,2164 951,2164 1022,2164 1093,2164 1165,2161 1236,2157 1307,2155 1378,2152 1449,2154 1521,2152 1592,2152 1663,2155 1734,2158 1805,2161 1877,2164"/>
                <TextEquiv>
                    <Unicode>et uircciori exemam : inter ecclesie sacramenta minime contineri auri¬</Unicode>
                </TextEquiv>
            </TextLine>
            <TextLine id="tr_1_tl_30" custom="readingOrder {index:29;}">
                <Coords points="438,2219 508,2221 579,2229 649,2236 720,2237 790,2237 861,2240 931,2243 1002,2240 1072,2240 1143,2241 1213,2237 1284,2232 1354,2230 1425,2228 1495,2226 1566,2225 1636,2225 1707,2225 1777,2225 1848,2222 1848,2182 1777,2185 1707,2185 1636,2185 1566,2185 1495,2186 1425,2188 1354,2190 1284,2192 1213,2197 1143,2201 1072,2200 1002,2200 931,2203 861,2200 790,2197 720,2197 649,2196 579,2189 508,2181 438,2179"/>
                <Baseline points="438,2206 508,2208 579,2216 649,2223 720,2224 790,2224 861,2227 931,2230 1002,2227 1072,2227 1143,2228 1213,2224 1284,2219 1354,2217 1425,2215 1495,2213 1566,2212 1636,2212 1707,2212 1777,2212 1848,2209"/>
                <TextEquiv>
                    <Unicode>cularem confessorem nugacem esse : Sufficere sua  quemque deo</Unicode>
                </TextEquiv>
            </TextLine>
            <TextLine id="tr_1_tl_31" custom="readingOrder {index:30;}">
                <Coords points="450,2279 519,2286 588,2290 658,2297 727,2302 797,2302 866,2303 936,2305 1005,2305 1075,2302 1144,2303 1213,2305 1283,2297 1352,2299 1422,2297 1491,2293 1561,2293 1630,2296 1700,2291 1769,2290 1839,2293 1839,2253 1769,2250 1700,2251 1630,2256 1561,2253 1491,2253 1422,2257 1352,2259 1283,2257 1213,2265 1144,2263 1075,2262 1005,2265 936,2265 866,2263 797,2262 727,2262 658,2257 588,2250 519,2246 450,2239"/>
                <Baseline points="450,2266 519,2273 588,2277 658,2284 727,2289 797,2289 866,2290 936,2292 1005,2292 1075,2289 1144,2290 1213,2292 1283,2284 1352,2286 1422,2284 1491,2280 1561,2280 1630,2283 1700,2278 1769,2277 1839,2280"/>
                <TextEquiv>
                    <Unicode>in cubili suo confiteri peccata : baptismum fluuialis unde inissa</Unicode>
                </TextEquiv>
            </TextLine>
            <TextLine id="tr_1_tl_32" custom="readingOrder {index:31;}">
                <Coords points="444,2341 512,2344 580,2350 648,2356 716,2362 784,2364 852,2368 920,2366 988,2365 1056,2368 1125,2368 1193,2368 1261,2365 1329,2365 1397,2368 1465,2368 1533,2365 1601,2365 1669,2367 1737,2365 1806,2371 1806,2332 1737,2326 1669,2328 1601,2326 1533,2326 1465,2329 1397,2329 1329,2326 1261,2326 1193,2329 1125,2329 1056,2329 988,2326 920,2327 852,2329 784,2325 716,2323 648,2317 580,2311 512,2305 444,2302"/>
                <Baseline points="444,2328 512,2331 580,2337 648,2343 716,2349 784,2351 852,2355 920,2353 988,2352 1056,2355 1125,2355 1193,2355 1261,2352 1329,2352 1397,2355 1465,2355 1533,2352 1601,2352 1669,2354 1737,2352 1806,2358"/>
                <TextEquiv>
                    <Unicode>interuecta sacri dei mixtura : recuprendum cimiterorum mane</Unicode>
                </TextEquiv>
            </TextLine>
            <TextLine id="tr_1_tl_33" custom="readingOrder {index:32;}">
                <Coords points="444,2397 512,2399 580,2409 648,2415 717,2418 785,2423 853,2424 921,2424 990,2424 1058,2424 1126,2423 1194,2421 1263,2418 1331,2418 1399,2422 1467,2424 1536,2421 1604,2421 1672,2424 1740,2427 1809,2430 1809,2393 1740,2390 1672,2387 1604,2384 1536,2384 1467,2387 1399,2385 1331,2381 1263,2381 1194,2384 1126,2386 1058,2387 990,2387 921,2387 853,2387 785,2386 717,2381 648,2378 580,2372 512,2362 444,2360"/>
                <Baseline points="444,2385 512,2387 580,2397 648,2403 717,2406 785,2411 853,2412 921,2412 990,2412 1058,2412 1126,2411 1194,2409 1263,2406 1331,2406 1399,2410 1467,2412 1536,2409 1604,2409 1672,2412 1740,2415 1809,2418"/>
                <TextEquiv>
                    <Unicode>usum questus causa repertum . Quantumque tegantur tellure:</Unicode>
                </TextEquiv>
            </TextLine>
            <TextLine id="tr_1_tl_34" custom="readingOrder {index:33;}">
                <Coords points="444,2448 512,2450 581,2460 649,2469 718,2472 786,2474 855,2478 923,2476 992,2477 1060,2475 1129,2478 1198,2473 1266,2474 1335,2475 1403,2478 1472,2478 1540,2477 1609,2472 1677,2477 1746,2484 1815,2484 1815,2447 1746,2447 1677,2440 1609,2435 1540,2440 1472,2441 1403,2441 1335,2438 1266,2437 1198,2436 1129,2441 1060,2438 992,2440 923,2439 855,2441 786,2437 718,2435 649,2432 581,2423 512,2413 444,2411"/>
                <Baseline points="444,2436 512,2438 581,2448 649,2457 718,2460 786,2462 855,2466 923,2464 992,2465 1060,2463 1129,2466 1198,2461 1266,2462 1335,2463 1403,2466 1472,2466 1540,2465 1609,2460 1677,2465 1746,2472 1815,2472"/>
                <TextEquiv>
                    <Unicode>humana corpora : milia distare . templum dei late patentis responsum</Unicode>
                </TextEquiv>
            </TextLine>
            <TextLine id="tr_1_tl_35" custom="readingOrder {index:34;}">
                <Coords points="450,2514 518,2517 586,2526 654,2535 722,2538 790,2541 858,2541 926,2539 994,2541 1062,2538 1131,2541 1199,2541 1267,2542 1335,2544 1403,2544 1471,2544 1539,2544 1607,2544 1675,2544 1743,2544 1812,2547 1812,2507 1743,2504 1675,2504 1607,2504 1539,2504 1471,2504 1403,2504 1335,2504 1267,2502 1199,2501 1131,2501 1062,2498 994,2501 926,2499 858,2501 790,2501 722,2498 654,2495 586,2486 518,2477 450,2474"/>
                <Baseline points="450,2501 518,2504 586,2513 654,2522 722,2525 790,2528 858,2528 926,2526 994,2528 1062,2525 1131,2528 1199,2528 1267,2529 1335,2531 1403,2531 1471,2531 1539,2531 1607,2531 1675,2531 1743,2531 1812,2534"/>
                <TextEquiv>
                    <Unicode>mundum esse . coartare miestati eius quam ecclesias monasteria</Unicode>
                </TextEquiv>
            </TextLine>
        </TextRegion>
        <TextRegion orientation="0.0" id="tr_2" custom="readingOrder {index:1;}">
            <Coords points="1847,246 1847,392 2156,392 2161,246"/>
            <TextLine id="tr_2_tl_1" custom="readingOrder {index:0;}">
                <Coords points="2045,402 2074,402 2103,398 2132,396 2161,396 2161,246 2132,246 2103,248 2074,252 2045,252"/>
                <Baseline points="2045,352 2074,352 2103,348 2132,346 2161,346"/>
            </TextLine>
        </TextRegion>
    </Page>
</PcGts>
