2479 3508
632 383 2018 490 in meliorem formam redactis : cum Uencenslai corpus requiretur : acceptis
641 477 1966 550 XX aureis illud reddidit ‧ tumque circumgestacio ex more facta : et
628 532 1996 594 iustum regi funis exhibitum. Recens obierat Uencieslaus ‧ cum
619 575 2038 648 czista generis nobilis ex loco cui trosnouia nomen est ‧ censu tenui ‧
632 637 1969 693 in curia regis a puero enutritus : et bellis exercitatus uno
637 684 2002 777 carens oculo : quem strenue pugnans iampridem amiserat :
637 710 2029 829 infectus hussitarum veneno et rapinarum auditus. Collecta perditorum
635 790 1962 875 homini multitudine : in ecclesias que restaverant : impetum fecit :
624 831 2040 918 simulacra sanctorum et ymagines magni dei perfregit : Mona¬
630 897 1986 998 sterium cartuslensium prage uicinum inuasit et direptum incendit
623 967 2007 1051 Monachos eius ordinis tanque populo initiles : qui veluti sues
632 1004 2011 1107 in claustro sagmarentur ‧ Migrare alio iussit ‧ uenere per idem
637 1053 2026 1127 tempus ex montibus pragam CCCC circiter uiri cum mulieribus :
633 1105 2089 1203 lepra hussitarum infecti ‧ aliter in foro sedentes : cibum ex migrantibus
633 1167 2022 1258 petiere ‧ Consulatus metu plebis que aduenarum miserebatur : cibaria
628 1221 2020 1320 eis publicitus ministrauit : Cizistha hos sibi adiunxit ‧ et per arcem
628 1274 2026 1378 vicegrandensem qua nagtigenter custodiobat ad lorae quon miqx
628 1323 1986 1398 appoltant. profectꝰ est. ibi supra ut mitia viroris et toietias
632 1379 2035 1486 quarore. qui suam muttitudien conspicati aninma in anae saemiꝰ
628 1436 2029 1528 audenaore supsore. utea ibi advorsꝰ sigismudri cestaiom:
632 1492 2058 1586 quani aogui holedem sun saniacitur isensum norant. Rcogitata
623 1555 2027 1650 an docicta. lum cistia dnro caranda de guo sup inominiꝰ
633 1575 2091 1710 patrniam idti comptures esse sue saccionis annor non ignoibat
633 1661 2011 1761 capturi contendit. tamqn intioni in ptaitom ccoptam: valiae
637 1724 2007 1822 psidio iniust. ud aput mauer Romanserant. Noo via i
633 1764 2080 1884 Gladensem muascre. Soptria intorim auria quo se pacto tuenet.
623 1830 2049 1942 cionc incrii ac tittatr cigismud vorare. Ncmor auriia
628 1888 2018 1980 potore. ati in ans ptoae montem dvagore. Sigismudi inalo—
633 1947 1995 2049 ustm consitio in tamr qui se iampridoni castur eunarant
632 1991 2009 2093 Auma p9 inovore q Johonna patore tando inrossit Quod si—
624 2035 2062 2145 mor maicitu pragan dirisset antoqi vnror Jeratior coatusset
632 2136 2011 2222 nuqꝫ ea meandia que postea vidinꝰ. Bormania opississent
624 2153 2073 2280 sec alo cavi turoo acosiore parat tohonna anisit et ingaria
623 2231 2020 2341 non desendit, tapropter cn seri esset a9 aupiliui siegna
623 2291 2047 2379 cuui cruchione uiatonuungensi regna gatiernam. t cosanlo
624 2338 2031 2452 legio copiar companit. Jucani pragensem 2 imonerivetat
630 2394 2011 2521 que auci adiact pidio surmanet ponti iuitame ne usilaꝰ
624 2459 2018 2579 altac esset henctir. tigneais turier ac ianlas adiant at
