2479 3508
427 1770 584 1807 conatus
420 2471 535 2516 XXXII
334 2876 441 2938 50v
650 454 2045 512 incognis collegiatam ecclesiam erexisse: magnificeque dotasse que aduc extat
650 508 2048 566 patrono eius est precertor ecclesie: pregenuit quem admodum cirptem caroli
656 564 2045 621 littere attestant cornas nos vidimus legimusque; Nonne hunc Carolo
647 618 2086 666 in baptismate hoenges laus fugit que in confirmacionem a Carolo francorum
659 666 2042 721 rege: mutatum est: apud quem puericie rudimenta peregit fuit autem
656 721 2083 775 hic tardus uni magnorum operum qui regnum bohemie tum religionis
656 766 1991 826 cultu: tum legum ac bonorum morum disciplina illustravit Nam
659 819 1991 876 scola liberalum arcium ab eo in praga erecta est: nova civitas
650 870 1997 926 membustincta: palacium regnum magnificentissime exedificatum
650 917 2000 979 monasteria multa fundata cruces constructe admirabiles: pax
647 972 2027 1035 toti regno reddita adeptus imperum rursus Italiam ingressus:
656 1022 2068 1087 longobardos imperitatem accepit Gebellinos qui iampridem florencia
647 1078 1994 1143 exulaverant erectis guelfis in suum locum restituit reliquis
650 1135 2003 1195 etronie partibus pro suo arbitrio leges dedit: Coronatus rome
650 1194 2060 1253 magnifico apparatu : nonatores rerum qui adversis ecclesiam senabatur
653 1247 2060 1310 Romano pontifici indicandos tradidit Iohanni fratri suo Moraviam
662 1301 2045 1364 possidendam concessit integradum novis nuncis ac propugnaculis
659 1358 2054 1418 communuit Corpus sancti Viti pragam detulit pontem multavie
656 1414 2015 1471 qui exondationibus tornaverat : in praga restauravit : ecclesiam
662 1473 2015 1531 pragensem ad metropolitanum decus erexit : Cum antea magistrum uno
656 1533 1982 1588 pontifici subiecta esset clarus profecto imperator : nisi bohemici
659 1596 2009 1642 regni gloriam magis quam romani imperii quesivisset; illud quoque
641 1658 2006 1704 nomen eius non parvam iniussit maculam : que Vencieslaum ex filiis
656 1715 2030 1764 suis natu maiorem in imperio sibi successorem adhuc vincens
659 1775 2057 1824 ordinare: Coronatus est: idque pecunia: Nam tuum principes electores
653 1834 2015 1880 haud facile ad eam rem trahi possent: quod virtute obtinere
650 1894 2027 1940 non potuit precio comparavit: promissis tuique electori: C. millibus
650 1957 2003 2000 aureis ornos tum untare non posset : publica illis romane
656 2011 1970 2066 rei. pu. rectigalia obligavit: propetuum imperii malum huic
650 2070 1997 2122 romana proprietas ad nihilum redacta nec post hoc extollere
647 2127 2039 2179 capud imperium potuit: Cum principeselectores omnia sibi reti-
650 2187 2033 2242 nerent: Imperatoremque vincerando adigerent: ne pignora
656 2241 2042 2301 revocaret Sigismundus alter Caroli filius : a rege hungarie
647 2306 1976 2361 d ludovico : in spem regim adoptatus est : ibique tandem
647 2357 2012 2418 coronam adeptus : pugnavit infeliciter contra tuncos duos
650 2414 1976 2478 et XX ; regulos securi percussit ; tumultu seculari raptus:
647 2488 1994 2540 ac videre cum uncum occiderat: in custodiam traditus beneficio
