2479 3508
446 376 1884 485 doctorum: codicibus uel dionisy presertim : et ni priam communionis calicis : laudatam
446 465 1812 554 inuenisset: prohibitus aput sacellum archangeli michaelielis : in
443 509 1849 587 templo maiore sancti martini cathedram sortitus publice commouere
446 557 1810 637 populum cepit : ne de inceps communionem calicis : sine qua saluari
439 627 1922 707 nemo posset : quoquo pacto negligerent huic omnes heretici consensere :
443 670 1790 744 haud modica gestientes leticia : quod articulum inuenissent : in
439 712 1863 799 euangelica lege fundatum : per quem romane sedis ignorancia
439 782 1823 886 uel nequicia : redargui posset : odiose quamuis hoc animo Rex
441 841 1852 939 intelligeret: desidia tamen corruptus: et inercia torpens : impune
446 899 1847 967 debaccari sinebat hereticos sbmco archiepiscopus : uel nullum aduersus
437 958 1875 1055 tamen emergensis malum in uencieslao presidium inuenit : ad sigismundum
448 1015 1849 1116 Ungarie regem confugit ‧ obsecrans aliter obtestans : ut negligenciam
437 1074 1815 1159 fratris emendet neque labefactari orthodoxe fidei sacramenta
435 1137 1810 1221 permittat ‧ dat fidem Sigismundus: periturorum se breui bohemiam
437 1197 1843 1301 ecclesie catholice consulturum sed dum dies de die duatur : sbmco apud
452 1245 1851 1341 bosouium in Hungaria moritur ‧ Et albicus ei sufficitur : nacon bohemus
437 1310 1876 1421 Arte medicus et Sigismundo propterea carus : uintum exeme ana¬
402 1378 1815 1463 ricie baratium : qui claues celle umarie nulli alteri quam sibi spiriti
437 1437 1799 1544 credidit ‧ et quia supratuosos esse coquos didicerat : abiectam annum
437 1502 1821 1603 poprie sue prefecit interrogatus ‧ aliquando: sonorum omnem quem
446 1548 1834 1664 molestius audiret maxillarum inquit : ossa frangencium: idoneus
443 1629 1873 1723 profecto pontifex : qui surgenti fomentum heresi daret: infestabat
424 1675 1858 1786 ea tempestate romanam ecclesiam ladislaus rex neapolitanus aduersus
439 1740 1812 1845 quem Iohannes papa autem uis et XX bellum decernens plenariam peccatorum
434 1817 1843 1908 remissioni indulsit hiis qui adtuendam ecclesiam inducerent : recitabatur
432 1871 1851 1961 in ecclesia pragensi : decretum pontificis ‧ Quod tum tres sordide artis
435 1934 1860 2006 homines audissent : Iohannem papam antecristum esse magna uoce cla¬
437 1989 1795 2077 mauerint : qui crucem contra cristianos decerneret ‧ eos euestigio
437 2041 1823 2137 Senatus in carcerem rapi iussit : populus ueuo susceptis armis ‧
432 2105 1852 2207 dimitti omnes petiit ‧ sed placatus orans senatus : tamque uita cap¬
435 2170 1819 2273 tiuorum in tuto esset: suam quisque domum rediere ‧ de illis clam
434 2210 1791 2328 suplicium sumptum ac cum sanguinis iomia pretorii
434 2290 1871 2358 defluens iudicium necis fecisset : iterum accinorens populus interem
434 2351 1834 2434 pretorium corpora rapuit et aureo circumuoluta primo : per omnes
439 2393 1863 2506 uidiis ecclesias detulit ‧ clamantes eiusdem secte saerdotibus : isti sint
437 2450 1814 2565 Sancti qni pro testamento dei sua corpora tradiderunt: exim
