2479 3508
686 445 2068 500 perfidue sue non minemor : altare accedens divina re peracta uni
698 493 2048 554 quem iusserat et laicis adesse : Sacramentum ex calice dedit ‧
686 546 2057 605 et quamuis iohannes polomat : alter ex concilii legatis in aliena
686 596 2039 659 ecclesia id sibi non licere assereret : eumque prohiberet in prosito
695 648 2113 708 perstitit ‧ ob quam rem pene in irritum conuenta ceciderunt : composita
689 705 2015 756 tamen his est ‧ Ex eo conuencionis capite quo sancitum erat :
686 755 2057 818 ne partis pacta uiolantilius : Eomonis concordia rumiperetur
680 810 2021 867 his conpostis Sigismundus novo hp ‧ Septembris anno sexto :
680 858 2134 915 Et xxx Super milesimum ‧ et quadringentesimum ‧ ab ortu pilua ¬
683 912 2042 969 toris domino pragam uenit ‧ ubi qui paulo ante bohemorum
677 974 2146 1030 hostis : ex adulterio natus antecristi filius : Satrilegus publicis
674 1037 2015 1092 homii botis perdendus ‧ censebatur : oxtemis honoribus exceptus
680 1091 2095 1146 est ‧ barones ac ciuitates in eius berba iurauerunt : Et ingratus
674 1154 2089 1200 quos ipse constituit uceperunt : certantes inter se quis alteri
671 1202 2134 1256 altero suo regi obsequention uideretor : ut est humanum ingemum
668 1270 2045 1316 In utremus pertem inmoderatum : siue persequi : siue obsequi
677 1324 2024 1376 malit ‧ philibertus episcopus constantinem ‧ nacion gallicus et
668 1393 2042 1436 college sui : ex basilca missi : ecclesiasticos introces ritus :
662 1452 2057 1498 Sacerdotes iustituere ‧ Ex missarum solemnibus uolgaria verbs :
668 1509 2048 1558 cantilenasque detrahere sanctorum ?magnus reducere aquam
668 1569 2009 1615 benedictam in edibus sacris reponem : baptismatis fontes
677 1617 2125 1674 sacrare ‧ altaria ornare : spurticias omnes abolere : paruere
668 1682 2057 1743 complurimi : quibus mens sanior fuit : Rochezane complices
665 1742 2092 1794 resistere ‧ obloqui blasphemare : plebem modis omnibus auertem ‧
662 1812 2039 1860 Ipse quoque incensor malorum : ex parrochia sancte marie:
656 1868 2104 1916 ante latam curiam quam propria  temeritate inuaserat amoueiem
668 1927 2063 1976 minime potuit ‧ neque laniare sermonibus suis : interpendicandum
656 1981 2107 2038 Rochezane curiam partermisit legatisque sepe necem per insidias machinatus
659 2052 2074 2102 est : sigismundus autem cum ecclesias pollutas intrare nollet : templum
638 2115 2012 2167 Sancti iacubi ‧ quod fratrum minorum fuerat Et in quo cum
650 2169 2080 2232 Machnie  bellice  reseruabantur : restitui sibi poposcit : amiuit
650 2241 2030 2290 civitas : et aliquot monachi introducti sunt : qui uerbum dei
653 2294 2101 2349 pradicarent ‧ id olim ne Cisiha subuerteret : armati carmesices
650 2351 2039 2409 defendere : Sepultris maiorum consulentes ‧ redierunt et alii
653 2405 2024 2469 mendicantes : tum celestini : Sclani : Serni : sancte marie
644 2479 2012 2530 theutones Ierosolomitani : Et nonnulli monasteriorum albates
