2479 3508
725 428 2042 495 et sou iure : et soceri iudicio preserendus sit : futurum eum
725 492 2045 549 regem quem bohemi ex celo missum putent : hungari quem
716 543 2048 604 cupide regem acceperint : bohemius haud aspernandum
719 603 2086 664 flectitur hys bohemorum conventus :  albertus secondo nonas
710 663 2068 723 maias rex designator uerum proceres qui cum Barbara
719 723 2051 778 conspirauerant non alio pacto in albertum consentiunt
716 774 2137 840 quod si postulatis suis mos geratur ‧ alstio scerenberguis
704 849 2074 907 corum nomine albertum adiit sed frustra eius preces fuere ‧
704 904 2113 973 albertus ea ferme bohemis que socer affirmavit ‧ Interea
713 970 2092 1042 Barbara dimissis que possdebat in hungariam expugna ¬
710 1051 2057 1109 bililius castellis : libertati reddita est : duodecim milia
713 1117 2110 1178 auri nummum locis patentibus : quo aduiueret ei singulis
707 1175 2080 1244 annis constituta ptasco de uoluntate alberti ab alscionem
704 1239 2071 1309 cercior factus : accersitis ex fa??on sua praemoribus quorum
710 1316 2080 1373 pars pocior heretica fuit : hussitarum sequax erroris :
692 1364 2116 1445 Casimirum regis polonie Germanum : tredecim annos natum
704 1456 2051 1512 regem appellat ‧ missisque oratoribus auxilia petit quodbus
707 1522 2063 1582 nobile regnum ei conseruari possit ‧ Inter hec et electores
704 1588 2068 1646 impery apud firmefordiam quementes rem romanam
698 1656 2089 1718 alberto commendant ‧ at illi acceptare Imperium in iussu
701 1716 2077 1779 baronum hungarie haud quaque licebat ‧ id eum eis pro ¬
704 1794 2068 1854 miserat : cum se regem accepere : uocati praemores regni :
701 1856 2092 1922 negabant ex esse hungarie regi theutomcis ceterisque
695 1913 2107 1988 gentibus imperare dum sigismundus romane rei  consulturus ‧
704 2000 2009 2060 Italiam germaniam : ceterasque prolimicias peragat ‧
692 2059 2092 2122 hungariam turcorum direpticom patuisse ‧ Multa in utramque
710 2131 2051 2186 partem duta ‧ postremo uicti precibus friderici ducs
686 2197 2036 2254 austrie : tunc adolescentis assensum dedere : imperium
683 2259 2071 2319 Summa germanorum congratulacion : ab alberto susceptum :
686 2307 2125 2388 hec mora legati ad regem polonie nomine gentis bohemice
689 2388 2083 2457 missi ‧ iohannis Rahenstenius : Et hamricus platius :  oratum
698 2459 2095 2528 ne fratrem turbare bohemie regnum paciatur : meminerit
