2479 3508
447 424 1740 478 inter bohemos ac polonos ueteris amicicie : albertum et
432 484 1809 535 Sigismundi testamento : Et prouincialium decreto : regem esse ‧
441 546 1809 599 non potuisse paucos qui casimirum uocauere uis regni
441 610 1767 663 in albertum transferre ‧ Si pergat alienum fratri regnum
447 676 1767 733 parare : Caueat ne de suo certare cogatur polonus
441 745 1821 799 ad ea bohemos filii amicos esse fatetur ‧ Cupere beniuo ¬
447 816 1794 870 lenciam perpetuo sccire : at fratri quem praemaris barones
459 888 1794 939 regem uocauerint : uis aufferri non posse : polonis
441 954 1842 1005 ac bohemis unam esse ligwam : Et unam utrique genti ori ¬
450 1030 1788 1069 ginem ‧ Cum theutonicis inchil bohemis esse commune :
441 1076 1839 1136 Inchil prouincialibus in comodius quem sui regis uocem non intel ¬
450 1151 1767 1208 ligere atque in omni colloquio interpretis egere : regnum
468 1225 1779 1276 sibi suum satis fidum : tutumque esse :Neque se externam
474 1288 1779 1342 uim ullam timere ‧ proinde oracul : ut fratrum pocius
459 1354 1758 1409 recipiant : que ipsi ab eo recipiantur ‧ donatosque preciosis
465 1419 1773 1480 pellibus : ut est mos gentis oratores dimisit ‧ legatis
453 1488 1770 1548 autem alterius partis : missurum se prope diem auxilia
465 1551 1770 1614 pollicitus ‧ albertus medio tempore iglauiam petit quo
465 1623 1848 1684 in loco ab ulrico rasensi Maunardo plurimisque bohemie
459 1697 1797 1751 proceribus percupide expectabatur ‧ ptasco Vero per nuncias
447 1767 1791 1815 cum rogat : ne prius regnum mediatur que sibi fac??oinque
459 1821 1797 1877 sue faciat satis ‧ Neque eum passurum se regem esse : quem
453 1885 1800 1945 ipse non elegisset albertus quod maior pers regeni statuisset :
453 1951 1818 2009 id ratum esse debere respondit ‧ hortari ne regem quietem
453 2014 1821 2077 interturbet inuenturum benignum regem si pati consulat :
453 2076 1857 2139 Sin pergat res inuouare : plus belli reperturum : quem belit ‧
453 2142 1746 2205 Exin motis castris tuthnam occupat quem ptasco sine
462 2209 1791 2267 praesidio reliquerat ‧ petenti pragam frequens populus
453 2281 1791 2335 occurrit : atque ut hostium uictori congratulatur : Et quemuis
453 2338 1755 2395 iterum ptastonis faccia conuentum peteret : priusequam rex
465 2398 1749 2455 coronaretur : reiectis precibus ticio ‧ telor ‧ iulias
465 2456 1821 2517 pompa coronam accepit ‧ ptasco uero coloniam : et alias
