<?xml version="1.0" encoding="UTF-8" standalone="yes"?>
<PcGts xmlns="http://schema.primaresearch.org/PAGE/gts/pagecontent/2013-07-15" xmlns:xsi="http://www.w3.org/2001/XMLSchema-instance" xsi:schemaLocation="http://schema.primaresearch.org/PAGE/gts/pagecontent/2013-07-15 http://schema.primaresearch.org/PAGE/gts/pagecontent/2013-07-15/pagecontent.xsd">
    <Metadata>
        <Creator>Transkribus</Creator>
        <Created>2025-10-17T12:55:07.795+02:00</Created>
        <LastChange>2025-12-10T16:11:36.991+01:00</LastChange>
    </Metadata>
    <Page imageFilename="11421593_0071_104475226.jpeg" imageWidth="2479" imageHeight="3508">
        <ReadingOrder>
            <OrderedGroup id="ro_1765535186685" caption="Regions reading order">
                <RegionRefIndexed index="0" regionRef="tr_1"/>
            </OrderedGroup>
        </ReadingOrder>
        <TextRegion orientation="0.0" id="tr_1" custom="readingOrder {index:0;}">
            <Coords points="167,445 167,3392 2119,3392 2119,445"/>
            <TextLine id="tr_1_tl_1" custom="readingOrder {index:0;} unclear {offset:58; length:5;}">
                <Coords points="695,484 764,489 833,490 902,495 972,500 1041,504 1110,508 1179,508 1249,508 1318,508 1387,507 1456,508 1526,508 1595,508 1664,508 1733,507 1803,507 1872,504 1941,500 2010,495 2080,487 2080,448 2010,456 1941,461 1872,465 1803,468 1733,468 1664,469 1595,469 1526,469 1456,469 1387,468 1318,469 1249,469 1179,469 1110,469 1041,465 972,461 902,456 833,451 764,450 695,445"/>
                <Baseline points="695,471 764,476 833,477 902,482 972,487 1041,491 1110,495 1179,495 1249,495 1318,495 1387,494 1456,495 1526,495 1595,495 1664,495 1733,494 1803,494 1872,491 1941,487 2026,484 2080,474"/>
                <TextEquiv>
                    <Unicode>milia homines nigri ad polem et uentum indurati ‧ aspectu terci¬</Unicode>
                </TextEquiv>
            </TextLine>
            <TextLine id="tr_1_tl_2" custom="readingOrder {index:1;}">
                <Coords points="686,550 757,550 829,551 900,553 972,554 1044,559 1115,562 1187,562 1259,564 1330,562 1402,562 1474,564 1545,565 1617,567 1689,568 1760,568 1832,565 1904,561 1975,557 2047,552 2119,547 2119,508 2047,513 1975,518 1904,522 1832,526 1760,529 1689,529 1617,528 1545,526 1474,525 1402,523 1330,523 1259,525 1187,523 1115,523 1044,520 972,515 900,514 829,512 757,511 686,511"/>
                <Baseline points="686,537 757,537 829,538 900,540 972,541 1044,546 1115,549 1187,549 1259,551 1330,549 1402,549 1474,551 1545,552 1617,554 1689,555 1760,555 1832,552 1904,548 1975,544 2047,539 2119,534"/>
                <TextEquiv>
                    <Unicode>ati horribiles : et qui circa fumum in castris uixissent : aquilinis</Unicode>
                </TextEquiv>
            </TextLine>
            <TextLine id="tr_1_tl_3" custom="readingOrder {index:2;}">
                <Coords points="674,610 743,607 813,610 882,612 952,614 1021,618 1091,620 1160,622 1230,622 1299,622 1369,619 1439,619 1508,619 1578,619 1647,619 1717,619 1786,619 1856,619 1925,619 1995,612 2065,613 2065,573 1995,572 1925,579 1856,579 1786,579 1717,579 1647,579 1578,579 1508,579 1439,579 1369,579 1299,582 1230,582 1160,582 1091,580 1021,578 952,574 882,572 813,570 743,567 674,570"/>
                <Baseline points="674,597 743,594 813,597 882,599 952,601 1021,605 1091,607 1160,609 1230,609 1299,609 1369,606 1439,606 1508,606 1578,606 1647,606 1717,606 1786,606 1856,606 1925,606 1995,599 2065,600"/>
                <TextEquiv>
                    <Unicode> oculis ‧ Impexo crine  ‧ picomissa bauba : toupouibus proteius</Unicode>
                </TextEquiv>
            </TextLine>
            <TextLine id="tr_1_tl_4" custom="readingOrder {index:3;}">
                <Coords points="695,669 760,666 826,666 892,669 957,672 1023,675 1089,676 1154,678 1220,679 1286,678 1352,678 1417,678 1483,678 1549,678 1614,678 1680,678 1746,678 1811,677 1877,675 1943,672 2009,666 2009,626 1943,632 1877,635 1811,637 1746,638 1680,638 1614,638 1549,638 1483,638 1417,638 1352,638 1286,638 1220,639 1154,638 1089,636 1023,635 957,632 892,629 826,626 760,626 695,629"/>
                <Baseline points="695,656 760,653 826,653 892,656 957,659 1023,662 1089,663 1154,665 1220,666 1286,665 1352,665 1417,665 1483,665 1549,665 1614,665 1680,665 1746,665 1811,664 1877,662 1943,659 2009,653"/>
                <TextEquiv>
                    <Unicode>Membius irspidis : tute adeo duica : ut seuicum : quasi</Unicode>
                </TextEquiv>
            </TextLine>
            <TextLine id="tr_1_tl_5" custom="readingOrder {index:4;}">
                <Coords points="680,723 750,723 820,725 891,727 961,729 1032,732 1102,735 1173,738 1243,738 1314,736 1384,737 1454,735 1525,735 1595,735 1666,735 1736,735 1807,735 1877,732 1948,729 2018,725 2089,717 2089,677 2018,685 1948,689 1877,692 1807,695 1736,695 1666,695 1595,695 1525,695 1454,695 1384,697 1314,696 1243,698 1173,698 1102,695 1032,692 961,689 891,687 820,685 750,683 680,683"/>
                <Baseline points="680,710 750,710 820,712 891,714 961,716 1032,719 1102,722 1173,725 1243,725 1314,723 1384,724 1454,722 1525,722 1595,722 1666,722 1736,722 1807,722 1877,719 1948,716 2018,712 2089,704"/>
                <TextEquiv>
                    <Unicode>louica ucpulsuica videuctor ‧ clansa sunt consestim osra : </Unicode>
                </TextEquiv>
            </TextLine>
            <TextLine id="tr_1_tl_6" custom="readingOrder {index:5;}">
                <Coords points="683,783 750,783 817,783 884,786 951,789 1019,791 1086,792 1153,793 1220,795 1287,795 1355,795 1422,797 1489,795 1556,795 1623,792 1691,792 1758,792 1825,791 1892,789 1959,785 2027,789 2027,750 1959,746 1892,750 1825,752 1758,753 1691,753 1623,753 1556,756 1489,756 1422,758 1355,756 1287,756 1220,756 1153,754 1086,753 1019,752 951,750 884,747 817,744 750,744 683,744"/>
                <Baseline points="683,770 750,770 817,770 884,773 951,776 1019,778 1086,779 1153,780 1220,782 1287,782 1355,782 1422,784 1489,782 1556,782 1623,779 1691,779 1758,779 1825,778 1892,776 1959,772 2027,776"/>
                <TextEquiv>
                    <Unicode>et ignis inmissub houueis : quo sex illa et collumes</Unicode>
                </TextEquiv>
            </TextLine>
            <TextLine id="tr_1_tl_7" custom="readingOrder {index:6;}">
                <Coords points="683,845 753,842 824,843 895,848 966,850 1037,851 1108,851 1179,852 1250,854 1321,853 1392,854 1462,854 1533,857 1604,857 1675,857 1746,857 1817,855 1888,853 1959,849 2030,843 2101,834 2101,795 2030,804 1959,810 1888,814 1817,816 1746,818 1675,818 1604,818 1533,818 1462,815 1392,815 1321,814 1250,815 1179,813 1108,812 1037,812 966,811 895,809 824,804 753,803 683,806"/>
                <Baseline points="683,832 753,829 824,830 895,835 966,837 1037,838 1108,838 1179,839 1250,841 1321,840 1392,841 1462,841 1533,844 1604,844 1675,844 1746,844 1817,842 1888,840 1959,836 2030,830 2101,821"/>
                <TextEquiv>
                    <Unicode>homum : ignominio sum agmen : post multa que perca</Unicode>
                </TextEquiv>
            </TextLine>
            <TextLine id="tr_1_tl_8" custom="readingOrder {index:7;}">
                <Coords points="674,898 744,898 815,901 886,904 957,907 1027,907 1098,911 1169,913 1240,913 1310,916 1381,916 1452,916 1523,919 1593,919 1664,919 1735,919 1806,919 1876,916 1947,916 2018,910 2089,904 2089,867 2018,873 1947,879 1876,879 1806,882 1735,882 1664,882 1593,882 1523,882 1452,879 1381,879 1310,879 1240,876 1169,876 1098,874 1027,870 957,870 886,867 815,864 744,861 674,861"/>
                <Baseline points="674,886 744,886 815,889 886,892 957,895 1027,895 1098,899 1169,901 1240,901 1310,904 1381,904 1452,904 1523,907 1593,907 1664,907 1735,907 1806,907 1876,904 1947,904 2018,898 2089,892"/>
                <TextEquiv>
                    <Unicode>ueuat ?eleua : exusta contemperte demum religiosius penas</Unicode>
                </TextEquiv>
            </TextLine>
            <TextLine id="tr_1_tl_9" custom="readingOrder {index:8;}">
                <Coords points="677,955 703,955 729,955 755,955 781,955 807,955 833,955 859,955 886,955 886,918 859,918 833,918 807,918 781,918 755,918 729,918 703,918 677,918"/>
                <Baseline points="677,943 703,943 729,943 755,943 781,943 807,943 833,943 859,943 886,943"/>
                <TextEquiv>
                    <Unicode>dedit : iq</Unicode>
                </TextEquiv>
            </TextLine>
            <TextLine id="tr_1_tl_10" custom="readingOrder {index:9;}">
                <Coords points="1152,1056 1178,1056 1204,1056 1231,1054 1257,1053 1283,1053 1310,1053 1336,1053 1362,1055 1389,1056 1415,1056 1441,1057 1468,1056 1468,1019 1441,1020 1415,1019 1389,1019 1362,1018 1336,1016 1310,1016 1283,1016 1257,1016 1231,1017 1204,1019 1178,1019 1152,1019"/>
                <Baseline points="1152,1044 1178,1044 1204,1044 1231,1042 1257,1041 1283,1041 1310,1041 1336,1041 1362,1043 1389,1044 1415,1044 1441,1045 1468,1044"/>
                <TextEquiv>
                    <Unicode>finis terty</Unicode>
                </TextEquiv>
            </TextLine>
            <TextLine id="tr_1_tl_11" custom="readingOrder {index:10;}">
                <Coords points="853,1113 900,1113 947,1115 995,1110 1042,1107 1089,1107 1137,1107 1184,1108 1231,1110 1279,1110 1326,1110 1373,1110 1421,1112 1468,1113 1515,1113 1563,1113 1610,1113 1657,1113 1705,1113 1752,1113 1800,1113 1800,1076 1752,1076 1705,1076 1657,1076 1610,1076 1563,1076 1515,1076 1468,1076 1421,1075 1373,1073 1326,1073 1279,1073 1231,1073 1184,1071 1137,1070 1089,1070 1042,1070 995,1073 947,1078 900,1076 853,1076"/>
                <Baseline points="853,1101 900,1101 947,1103 995,1098 1042,1095 1089,1095 1137,1095 1184,1096 1231,1098 1279,1098 1326,1098 1373,1098 1421,1100 1468,1101 1515,1101 1563,1101 1610,1101 1657,1101 1705,1101 1752,1101 1800,1101"/>
                <TextEquiv>
                    <Unicode>historie bohemice teuraus liber</Unicode>
                </TextEquiv>
            </TextLine>
            <TextLine id="tr_1_tl_12" custom="readingOrder {index:11;}">
                <Coords points="979,1174 1019,1171 1059,1171 1099,1173 1139,1174 1179,1175 1219,1177 1259,1177 1299,1177 1339,1180 1379,1177 1419,1179 1459,1180 1499,1180 1539,1183 1579,1185 1619,1184 1659,1185 1699,1183 1739,1183 1779,1186 1779,1146 1739,1143 1699,1143 1659,1145 1619,1144 1579,1145 1539,1143 1499,1140 1459,1140 1419,1139 1379,1137 1339,1140 1299,1137 1259,1137 1219,1137 1179,1135 1139,1134 1099,1133 1059,1131 1019,1131 979,1134"/>
                <Baseline points="979,1161 1019,1158 1059,1158 1099,1160 1139,1161 1179,1162 1219,1164 1259,1164 1299,1164 1339,1167 1379,1164 1419,1166 1459,1167 1499,1167 1539,1170 1579,1172 1619,1171 1659,1172 1699,1170 1739,1170 1779,1173"/>
                <TextEquiv>
                    <Unicode>desinit quartus incipit feliciter</Unicode>
                </TextEquiv>
            </TextLine>
            <TextLine id="tr_1_tl_14" custom="readingOrder {index:12;}">
                <Coords points="824,1246 883,1244 943,1237 1003,1237 1062,1237 1122,1240 1182,1240 1241,1240 1301,1240 1361,1243 1421,1245 1480,1246 1540,1246 1600,1246 1659,1246 1719,1245 1779,1243 1838,1243 1898,1239 1958,1235 2018,1228 2018,1188 1958,1195 1898,1199 1838,1203 1779,1203 1719,1205 1659,1206 1600,1206 1540,1206 1480,1206 1421,1205 1361,1203 1301,1200 1241,1200 1182,1200 1122,1200 1062,1197 1003,1197 943,1197 883,1204 824,1206"/>
                <Baseline points="824,1233 883,1231 943,1224 1003,1224 1062,1224 1122,1227 1182,1227 1241,1227 1301,1227 1361,1230 1421,1232 1480,1233 1540,1233 1600,1233 1659,1233 1719,1232 1779,1230 1838,1230 1898,1226 1958,1222 2018,1215"/>
                <TextEquiv>
                    <Unicode>igismundus interim ab eugenio pontifice maxmio</Unicode>
                </TextEquiv>
            </TextLine>
            <TextLine id="tr_1_tl_15" custom="readingOrder {index:13;}">
                <Coords points="841,1305 904,1302 967,1299 1031,1299 1094,1299 1158,1299 1221,1299 1285,1304 1348,1305 1412,1305 1475,1305 1538,1308 1602,1308 1665,1308 1729,1307 1792,1305 1856,1302 1919,1300 1983,1298 2046,1288 2110,1284 2110,1245 2046,1249 1983,1259 1919,1261 1856,1263 1792,1266 1729,1268 1665,1269 1602,1269 1538,1269 1475,1266 1412,1266 1348,1266 1285,1265 1221,1260 1158,1260 1094,1260 1031,1260 967,1260 904,1263 841,1266"/>
                <Baseline points="841,1292 904,1289 967,1286 1031,1286 1094,1286 1158,1286 1221,1286 1285,1291 1348,1292 1412,1292 1475,1292 1538,1295 1602,1295 1665,1295 1729,1294 1792,1292 1856,1289 1919,1287 1983,1285 2046,1275 2110,1271"/>
                <TextEquiv>
                    <Unicode>Rome coronatus : basilicam petierat : dissidioque patrum ; </Unicode>
                </TextEquiv>
            </TextLine>
            <TextLine id="tr_1_tl_16" custom="readingOrder {index:14;}">
                <Coords points="779,1362 840,1359 901,1359 962,1359 1023,1359 1085,1359 1146,1359 1207,1359 1268,1361 1329,1362 1391,1368 1452,1368 1513,1368 1574,1368 1635,1366 1697,1362 1758,1362 1819,1359 1880,1356 1941,1354 2003,1353 2003,1314 1941,1315 1880,1317 1819,1320 1758,1323 1697,1323 1635,1327 1574,1329 1513,1329 1452,1329 1391,1329 1329,1323 1268,1322 1207,1320 1146,1320 1085,1320 1023,1320 962,1320 901,1320 840,1320 779,1323"/>
                <Baseline points="779,1349 840,1346 901,1346 962,1346 1023,1346 1085,1346 1146,1346 1207,1346 1268,1348 1329,1349 1391,1355 1452,1355 1513,1355 1574,1355 1635,1353 1697,1349 1758,1349 1819,1346 1880,1343 1941,1341 2003,1340"/>
                <TextEquiv>
                    <Unicode>quod tunc erat tum Eugenio ad tempus</Unicode>
                </TextEquiv>
            </TextLine>
            <TextLine id="tr_1_tl_17" custom="readingOrder {index:15;}">
                <Coords points="677,1411 744,1411 811,1411 878,1412 945,1414 1013,1419 1080,1417 1147,1417 1214,1420 1281,1421 1349,1423 1416,1423 1483,1423 1550,1427 1617,1426 1685,1424 1752,1423 1819,1420 1886,1420 1953,1417 2021,1420 2021,1386 1953,1383 1886,1386 1819,1386 1752,1389 1685,1390 1617,1392 1550,1393 1483,1389 1416,1389 1349,1389 1281,1387 1214,1386 1147,1383 1080,1383 1013,1385 945,1380 878,1378 811,1377 744,1377 677,1377"/>
                <Baseline points="677,1400 744,1400 811,1400 878,1401 945,1403 1013,1408 1080,1406 1147,1406 1214,1409 1281,1410 1349,1412 1416,1412 1483,1412 1550,1416 1617,1415 1685,1413 1752,1412 1819,1409 1886,1409 1953,1406 2021,1409"/>
                <TextEquiv>
                    <Unicode>ulmam se sustulerat ‧ Ea est sweuie ciuitas : ad ulteriorem</Unicode>
                </TextEquiv>
            </TextLine>
            <TextLine id="tr_1_tl_18" custom="readingOrder {index:16;}">
                <Coords points="665,1467 736,1464 807,1464 878,1466 949,1465 1020,1467 1091,1470 1162,1468 1233,1473 1304,1473 1375,1473 1446,1476 1517,1476 1588,1479 1659,1482 1730,1482 1801,1481 1872,1482 1943,1480 2014,1476 2086,1479 2086,1445 2014,1442 1943,1446 1872,1448 1801,1447 1730,1448 1659,1448 1588,1445 1517,1442 1446,1442 1375,1439 1304,1439 1233,1439 1162,1434 1091,1436 1020,1433 949,1431 878,1432 807,1430 736,1430 665,1433"/>
                <Baseline points="665,1456 736,1453 807,1453 878,1455 949,1454 1020,1456 1091,1459 1162,1457 1233,1462 1304,1462 1375,1462 1446,1465 1517,1465 1588,1468 1659,1471 1730,1471 1801,1470 1872,1471 1943,1469 2014,1465 2086,1468"/>
                <TextEquiv>
                    <Unicode>dannubii ripam sita litius annis : qui Sweuos a baioariis</Unicode>
                </TextEquiv>
            </TextLine>
            <TextLine id="tr_1_tl_19" custom="readingOrder {index:17;}">
                <Coords points="662,1523 731,1523 800,1523 869,1525 939,1527 1008,1527 1077,1529 1147,1529 1216,1533 1285,1532 1355,1536 1424,1538 1493,1538 1562,1538 1632,1538 1701,1541 1770,1541 1840,1543 1909,1541 1978,1540 2048,1532 2048,1492 1978,1500 1909,1501 1840,1503 1770,1501 1701,1501 1632,1498 1562,1498 1493,1498 1424,1498 1355,1496 1285,1492 1216,1493 1147,1489 1077,1489 1008,1487 939,1487 869,1485 800,1483 731,1483 662,1483"/>
                <Baseline points="662,1510 731,1510 800,1510 869,1512 939,1514 1008,1514 1077,1516 1147,1516 1216,1520 1285,1519 1355,1523 1424,1525 1493,1525 1562,1525 1632,1525 1701,1528 1770,1528 1840,1530 1909,1528 1978,1527 2048,1519"/>
                <TextEquiv>
                    <Unicode>disterminat Euegionem Vulus in maiori fluimem exonerat</Unicode>
                </TextEquiv>
            </TextLine>
            <TextLine id="tr_1_tl_20" custom="readingOrder {index:18;}">
                <Coords points="677,1589 744,1585 812,1586 879,1586 947,1586 1014,1588 1082,1589 1149,1591 1217,1592 1284,1592 1352,1592 1419,1592 1487,1592 1554,1593 1622,1595 1689,1595 1757,1595 1824,1596 1892,1595 1959,1593 2027,1592 2027,1552 1959,1553 1892,1555 1824,1556 1757,1555 1689,1555 1622,1555 1554,1553 1487,1552 1419,1552 1352,1552 1284,1552 1217,1552 1149,1551 1082,1549 1014,1548 947,1546 879,1546 812,1546 744,1545 677,1549"/>
                <Baseline points="677,1576 744,1572 812,1573 879,1573 947,1573 1014,1575 1082,1576 1149,1578 1217,1579 1284,1579 1352,1579 1419,1579 1487,1579 1554,1580 1622,1582 1689,1582 1757,1582 1824,1583 1892,1582 1959,1580 2027,1579"/>
                <TextEquiv>
                    <Unicode>hic audita thaboritarum oxphanorum que clade : legatos in </Unicode>
                </TextEquiv>
            </TextLine>
            <TextLine id="tr_1_tl_21" custom="readingOrder {index:19;}">
                <Coords points="665,1643 734,1640 804,1643 873,1643 943,1647 1013,1649 1082,1650 1152,1652 1221,1652 1291,1652 1361,1652 1430,1652 1500,1652 1569,1653 1639,1657 1709,1656 1778,1658 1848,1657 1917,1658 1987,1655 2057,1658 2057,1618 1987,1615 1917,1618 1848,1617 1778,1618 1709,1616 1639,1617 1569,1613 1500,1612 1430,1612 1361,1612 1291,1612 1221,1612 1152,1612 1082,1610 1013,1609 943,1607 873,1603 804,1603 734,1600 665,1603"/>
                <Baseline points="665,1630 734,1627 804,1630 873,1630 943,1634 1013,1636 1082,1637 1152,1639 1221,1639 1291,1639 1361,1639 1430,1639 1500,1639 1569,1640 1639,1644 1709,1643 1778,1645 1848,1644 1917,1645 1987,1642 2057,1645"/>
                <TextEquiv>
                    <Unicode>bohemiam mittit ‧ regni proceres commendat quod biros notemtes</Unicode>
                </TextEquiv>
            </TextLine>
            <TextLine id="tr_1_tl_22" custom="readingOrder {index:20;}">
                <Coords points="662,1699 729,1697 797,1702 864,1704 932,1705 1000,1708 1067,1711 1135,1711 1203,1711 1270,1711 1338,1711 1406,1711 1473,1711 1541,1713 1609,1714 1676,1716 1744,1714 1812,1717 1879,1717 1947,1715 2015,1714 2015,1674 1947,1675 1879,1677 1812,1677 1744,1674 1676,1676 1609,1674 1541,1673 1473,1671 1406,1671 1338,1671 1270,1671 1203,1671 1135,1671 1067,1671 1000,1668 932,1665 864,1664 797,1662 729,1657 662,1659"/>
                <Baseline points="662,1686 729,1684 797,1689 864,1691 932,1692 1000,1695 1067,1698 1135,1698 1203,1698 1270,1698 1338,1698 1406,1698 1473,1698 1541,1700 1609,1701 1676,1703 1744,1701 1812,1704 1879,1704 1947,1702 2015,1701"/>
                <TextEquiv>
                    <Unicode>delenerint ‧ hortator regni quietem procurent Sequo regem</Unicode>
                </TextEquiv>
            </TextLine>
            <TextLine id="tr_1_tl_23" custom="readingOrder {index:21;}">
                <Coords points="671,1779 739,1764 808,1764 876,1767 945,1764 1013,1767 1082,1769 1150,1770 1219,1770 1287,1770 1356,1770 1425,1770 1493,1772 1562,1771 1630,1775 1699,1780 1767,1779 1836,1778 1904,1776 1973,1775 2042,1773 2042,1736 1973,1738 1904,1739 1836,1741 1767,1742 1699,1743 1630,1738 1562,1734 1493,1735 1425,1733 1356,1733 1287,1733 1219,1733 1150,1733 1082,1732 1013,1730 945,1727 876,1730 808,1727 739,1727 671,1742"/>
                <Baseline points="671,1767 739,1752 808,1752 876,1755 945,1752 1013,1755 1082,1757 1150,1758 1219,1758 1287,1758 1356,1758 1425,1758 1493,1760 1562,1759 1630,1763 1699,1768 1767,1767 1836,1766 1904,1764 1973,1763 2042,1761"/>
                <TextEquiv>
                    <Unicode>sustipiant: quem statui successorem : uis gentium dederit</Unicode>
                </TextEquiv>
            </TextLine>
            <TextLine id="tr_1_tl_24" custom="readingOrder {index:22;}">
                <Coords points="662,1830 731,1830 800,1830 870,1830 939,1830 1009,1830 1078,1831 1148,1833 1217,1833 1287,1830 1356,1830 1425,1830 1495,1830 1564,1833 1634,1836 1703,1836 1773,1838 1842,1838 1912,1836 1981,1835 2051,1839 2051,1802 1981,1798 1912,1799 1842,1801 1773,1801 1703,1799 1634,1799 1564,1796 1495,1793 1425,1793 1356,1793 1287,1793 1217,1796 1148,1796 1078,1794 1009,1793 939,1793 870,1793 800,1793 731,1793 662,1793"/>
                <Baseline points="662,1818 731,1818 800,1818 870,1818 939,1818 1009,1818 1078,1819 1148,1821 1217,1821 1287,1818 1356,1818 1425,1818 1495,1818 1564,1821 1634,1824 1703,1824 1773,1826 1842,1826 1912,1824 1981,1823 2051,1827"/>
                <TextEquiv>
                    <Unicode>illi magno numero apud ratisponam eum usueniunt regemque</Unicode>
                </TextEquiv>
            </TextLine>
            <TextLine id="tr_1_tl_25" custom="readingOrder {index:23;}">
                <Coords points="674,1890 742,1890 811,1890 879,1890 948,1890 1016,1890 1085,1893 1153,1893 1222,1894 1290,1896 1359,1898 1428,1896 1496,1897 1565,1899 1633,1902 1702,1902 1770,1902 1839,1899 1907,1899 1976,1896 2045,1896 2045,1856 1976,1856 1907,1859 1839,1859 1770,1862 1702,1862 1633,1862 1565,1859 1496,1857 1428,1856 1359,1858 1290,1856 1222,1854 1153,1853 1085,1853 1016,1850 948,1850 879,1850 811,1850 742,1850 674,1850"/>
                <Baseline points="674,1877 742,1877 811,1877 879,1877 948,1877 1016,1877 1085,1880 1153,1880 1222,1881 1290,1883 1359,1885 1428,1883 1496,1884 1565,1886 1633,1889 1702,1889 1770,1889 1839,1886 1907,1886 1976,1883 2045,1883"/>
                <TextEquiv>
                    <Unicode>suim salutant Venerunt et scorsum tiapto et rocheteana de</Unicode>
                </TextEquiv>
            </TextLine>
            <TextLine id="tr_1_tl_26" custom="readingOrder {index:24;}">
                <Coords points="683,1956 751,1953 819,1953 888,1950 956,1950 1025,1953 1093,1956 1161,1958 1230,1959 1298,1959 1367,1962 1435,1962 1503,1965 1572,1965 1640,1967 1709,1970 1777,1966 1845,1968 1914,1967 1982,1965 2051,1965 2051,1925 1982,1925 1914,1927 1845,1928 1777,1926 1709,1930 1640,1927 1572,1925 1503,1925 1435,1922 1367,1922 1298,1919 1230,1919 1161,1918 1093,1916 1025,1913 956,1910 888,1910 819,1913 751,1913 683,1916"/>
                <Baseline points="683,1943 751,1940 819,1940 888,1937 956,1937 1025,1940 1093,1943 1161,1945 1230,1946 1298,1946 1367,1949 1435,1949 1503,1952 1572,1952 1640,1954 1709,1957 1777,1953 1845,1955 1914,1954 1982,1952 2051,1952"/>
                <TextEquiv>
                    <Unicode>sus uelius acturi : legati quoque basilicen ‧ quod Prage suerant</Unicode>
                </TextEquiv>
            </TextLine>
            <TextLine id="tr_1_tl_27" custom="readingOrder {index:25;}">
                <Coords points="668,2016 740,2016 812,2014 884,2016 957,2016 1029,2016 1101,2018 1173,2020 1246,2022 1318,2022 1390,2022 1462,2025 1535,2029 1607,2031 1679,2033 1751,2034 1824,2036 1896,2037 1968,2037 2040,2032 2113,2028 2113,1988 2040,1992 1968,1997 1896,1997 1824,1996 1751,1994 1679,1993 1607,1991 1535,1989 1462,1985 1390,1982 1318,1982 1246,1982 1173,1980 1101,1978 1029,1976 957,1976 884,1976 812,1974 740,1976 668,1976"/>
                <Baseline points="668,2003 740,2003 812,2001 884,2003 957,2003 1029,2003 1101,2005 1173,2007 1246,2009 1318,2009 1390,2009 1462,2012 1535,2016 1607,2018 1679,2020 1751,2021 1824,2023 1896,2024 1968,2024 2040,2019 2113,2015"/>
                <TextEquiv>
                    <Unicode>Et tum bohemis terto modo usuenerant co se contuleve Sigisimundus</Unicode>
                </TextEquiv>
            </TextLine>
            <TextLine id="tr_1_tl_28" custom="readingOrder {index:26;}">
                <Coords points="659,2076 726,2073 794,2076 862,2075 930,2076 998,2077 1065,2078 1133,2078 1201,2081 1269,2078 1337,2078 1404,2081 1472,2081 1540,2084 1608,2088 1676,2090 1743,2090 1811,2092 1879,2093 1947,2093 2015,2090 2015,2050 1947,2053 1879,2053 1811,2052 1743,2050 1676,2050 1608,2048 1540,2044 1472,2041 1404,2041 1337,2038 1269,2038 1201,2041 1133,2038 1065,2038 998,2037 930,2036 862,2035 794,2036 726,2033 659,2036"/>
                <Baseline points="659,2063 726,2060 794,2063 862,2062 930,2063 998,2064 1065,2065 1133,2065 1201,2068 1269,2065 1337,2065 1404,2068 1472,2068 1540,2071 1608,2075 1676,2077 1743,2077 1811,2079 1879,2080 1947,2080 2015,2077"/>
                <TextEquiv>
                    <Unicode>amditis qua de religionem in conmuit platuerant : usuenta</Unicode>
                </TextEquiv>
            </TextLine>
            <TextLine id="tr_1_tl_29" custom="readingOrder {index:27;}">
                <Coords points="671,2141 741,2135 811,2135 881,2135 952,2136 1022,2140 1092,2141 1163,2141 1233,2144 1303,2144 1374,2146 1444,2148 1514,2150 1584,2153 1655,2153 1725,2153 1795,2153 1866,2153 1936,2150 2006,2148 2077,2147 2077,2107 2006,2108 1936,2110 1866,2113 1795,2113 1725,2113 1655,2113 1584,2113 1514,2110 1444,2108 1374,2106 1303,2104 1233,2104 1163,2101 1092,2101 1022,2100 952,2096 881,2095 811,2095 741,2095 671,2101"/>
                <Baseline points="671,2128 741,2122 811,2122 881,2122 952,2123 1022,2127 1092,2128 1163,2128 1233,2131 1303,2131 1374,2133 1444,2135 1514,2137 1584,2140 1655,2140 1725,2140 1795,2140 1866,2140 1936,2137 2006,2135 2077,2134"/>
                <TextEquiv>
                    <Unicode>proliauit ‧ Eaque seruari mandauit ‧ Ex in postentibus hungaris</Unicode>
                </TextEquiv>
            </TextLine>
            <TextLine id="tr_1_tl_30" custom="readingOrder {index:28;}">
                <Coords points="659,2198 727,2195 795,2195 863,2197 931,2198 999,2198 1067,2201 1135,2201 1203,2201 1271,2201 1340,2202 1408,2204 1476,2205 1544,2207 1612,2210 1680,2210 1748,2213 1816,2213 1884,2210 1952,2207 2021,2204 2021,2164 1952,2167 1884,2170 1816,2173 1748,2173 1680,2170 1612,2170 1544,2167 1476,2165 1408,2164 1340,2162 1271,2161 1203,2161 1135,2161 1067,2161 999,2158 931,2158 863,2157 795,2155 727,2155 659,2158"/>
                <Baseline points="659,2185 727,2182 795,2182 863,2184 931,2185 999,2185 1067,2188 1135,2188 1203,2188 1271,2188 1340,2189 1408,2191 1476,2192 1544,2194 1612,2197 1680,2197 1748,2200 1816,2200 1884,2197 1952,2194 2021,2191"/>
                <TextEquiv>
                    <Unicode>nauibus per dannubuim Vectus ‧ budam petiit : Ubi reformato</Unicode>
                </TextEquiv>
            </TextLine>
            <TextLine id="tr_1_tl_31" custom="readingOrder {index:29;}">
                <Coords points="656,2252 727,2254 799,2256 870,2260 942,2262 1014,2264 1085,2265 1157,2265 1229,2267 1300,2269 1372,2270 1444,2270 1515,2270 1587,2270 1659,2273 1730,2270 1802,2270 1874,2270 1945,2268 2017,2265 2089,2255 2089,2215 2017,2225 1945,2228 1874,2230 1802,2230 1730,2230 1659,2233 1587,2230 1515,2230 1444,2230 1372,2230 1300,2229 1229,2227 1157,2225 1085,2225 1014,2224 942,2222 870,2220 799,2216 727,2214 656,2212"/>
                <Baseline points="656,2239 727,2241 799,2243 870,2247 942,2249 1014,2251 1085,2252 1157,2252 1229,2254 1300,2256 1372,2257 1444,2257 1515,2257 1587,2257 1659,2260 1730,2257 1802,2257 1874,2257 1945,2255 2017,2252 2089,2242"/>
                <TextEquiv>
                    <Unicode>rerum statu : botatis ad se bohemorum pnumtipilius in alba regali</Unicode>
                </TextEquiv>
            </TextLine>
            <TextLine id="tr_1_tl_32" custom="readingOrder {index:30;}">
                <Coords points="665,2320 731,2317 798,2317 864,2320 931,2320 998,2321 1064,2326 1131,2329 1197,2329 1264,2329 1331,2329 1397,2329 1464,2332 1530,2332 1597,2330 1663,2329 1730,2329 1797,2326 1863,2326 1930,2328 1997,2326 1997,2286 1930,2288 1863,2286 1797,2286 1730,2289 1663,2289 1597,2290 1530,2292 1464,2292 1397,2289 1331,2289 1264,2289 1197,2289 1131,2289 1064,2286 998,2281 931,2280 864,2280 798,2277 731,2277 665,2280"/>
                <Baseline points="665,2307 731,2304 798,2304 864,2307 931,2307 998,2308 1064,2313 1131,2316 1197,2316 1264,2316 1331,2316 1397,2316 1464,2319 1530,2319 1597,2317 1663,2316 1730,2316 1797,2313 1863,2313 1930,2315 1997,2313"/>
                <TextEquiv>
                    <Unicode>lx miiam auri nummum inter eos distribuit : petorumque</Unicode>
                </TextEquiv>
            </TextLine>
            <TextLine id="tr_1_tl_33" custom="readingOrder {index:31;}">
                <Coords points="662,2377 731,2374 801,2374 870,2377 940,2380 1010,2382 1079,2386 1149,2386 1218,2386 1288,2386 1358,2387 1427,2389 1497,2389 1566,2389 1636,2389 1706,2386 1775,2384 1845,2382 1914,2380 1984,2379 2054,2374 2054,2334 1984,2339 1914,2340 1845,2342 1775,2344 1706,2346 1636,2349 1566,2349 1497,2349 1427,2349 1358,2347 1288,2346 1218,2346 1149,2346 1079,2346 1010,2342 940,2340 870,2337 801,2334 731,2334 662,2337"/>
                <Baseline points="662,2364 731,2361 801,2361 870,2364 940,2367 1010,2369 1079,2373 1149,2373 1218,2373 1288,2373 1358,2374 1427,2376 1497,2376 1566,2376 1636,2376 1706,2373 1775,2371 1845,2369 1914,2367 1984,2366 2054,2361"/>
                <TextEquiv>
                    <Unicode>maximum numerum dieta die qua bellet bohemiam ingedi </Unicode>
                </TextEquiv>
            </TextLine>
            <TextLine id="tr_1_tl_34" custom="readingOrder {index:32;}">
                <Coords points="650,2449 717,2445 785,2443 852,2446 920,2446 987,2449 1055,2449 1122,2452 1190,2452 1257,2451 1325,2452 1392,2453 1460,2455 1527,2455 1595,2455 1662,2455 1730,2455 1797,2452 1865,2449 1932,2448 2000,2446 2000,2406 1932,2408 1865,2409 1797,2412 1730,2415 1662,2415 1595,2415 1527,2415 1460,2415 1392,2413 1325,2412 1257,2411 1190,2412 1122,2412 1055,2409 987,2409 920,2406 852,2406 785,2403 717,2405 650,2409"/>
                <Baseline points="650,2436 717,2432 785,2430 852,2433 920,2433 987,2436 1055,2436 1122,2439 1190,2439 1257,2438 1325,2439 1392,2440 1460,2442 1527,2442 1595,2442 1662,2442 1730,2442 1797,2439 1865,2436 1932,2435 2000,2433"/>
                <TextEquiv>
                    <Unicode>nec moratus iglaviam ueuit : Vbi consilio cum bohemis</Unicode>
                </TextEquiv>
            </TextLine>
            <TextLine id="tr_1_tl_35" custom="readingOrder {index:33;}">
                <Coords points="656,2529 724,2523 793,2520 862,2523 931,2522 1000,2517 1069,2517 1137,2517 1206,2517 1275,2517 1344,2517 1413,2517 1482,2519 1551,2520 1619,2520 1688,2519 1757,2517 1826,2513 1895,2511 1964,2507 2033,2502 2033,2462 1964,2467 1895,2471 1826,2473 1757,2477 1688,2479 1619,2480 1551,2480 1482,2479 1413,2477 1344,2477 1275,2477 1206,2477 1137,2477 1069,2477 1000,2477 931,2482 862,2483 793,2480 724,2483 656,2489"/>
                <Baseline points="656,2516 724,2510 793,2507 862,2510 931,2509 1000,2504 1069,2504 1137,2504 1206,2504 1275,2504 1344,2504 1413,2504 1482,2506 1551,2507 1619,2507 1688,2506 1757,2504 1826,2500 1895,2498 1964,2494 2033,2489"/>
                <TextEquiv>
                    <Unicode>naluto coruiemta legatorum Smodalium ueuum comperbauit fir</Unicode>
                </TextEquiv>
            </TextLine>
            <TextLine id="tr_1_tl_36" custom="readingOrder {index:34;}">
                <Coords points="340,2923 366,2922 392,2921 418,2918 444,2914 444,2874 418,2878 392,2881 366,2882 340,2883"/>
                <Baseline points="340,2910 366,2909 392,2908 418,2905 444,2901"/>
            </TextLine>
            <TextLine id="tr_1_tl_37" custom="readingOrder {index:35;}">
                <Coords points="167,3392 196,3392 226,3392 256,3392 285,3392 315,3392 345,3392 374,3392 404,3392 434,3392 464,3392 493,3392 523,3392 553,3392 582,3392 612,3392 642,3392 671,3392 701,3392 731,3390 761,3386 761,3346 731,3350 701,3352 671,3352 642,3352 612,3352 582,3352 553,3352 523,3352 493,3352 464,3352 434,3352 404,3352 374,3352 345,3352 315,3352 285,3352 256,3352 226,3352 196,3352 167,3352"/>
                <Baseline points="167,3379 196,3379 226,3379 256,3379 285,3379 315,3379 345,3379 374,3379 404,3379 434,3379 464,3379 493,3379 523,3379 553,3379 582,3379 612,3379 642,3379 671,3379 701,3379 731,3377 761,3373"/>
            </TextLine>
        </TextRegion>
    </Page>
</PcGts>
