2479 3508
704 448 2039 505 quo propior est : Eo genialis thori : nupcialisque facis cupidior
698 495 2092 556 et curiosior redditur ‧ non latuerunt imperatorem furentis femine
695 567 2057 621 Excogitatus : qui postquem referentibus medicis moriendum sibi esse
698 626 2083 681 cognouit ‧ Ex bohemia cuius dubbiafides erat : In morauiam
701 685 2057 742 uehi iussit : uisurum filiam prius : quem uita excederet illa
695 746 2068 801 cum uiro ad eum ciuitati uenit : quam Snoynam uocant
698 806 2054 860 ibi mox barbara uirum secuta custodie traditur Ulricus
692 866 2068 917 Cilie comes premonitus fugam arripit ‧ Imperator uocatis
692 922 2080 977 in cubiculum : hungarie ac bohemie primoribus aduenitasse
701 973 2131 1040 resolucone sui corporis : nec iam amplius uiuem posse affirmat
695 1038 2033 1096 iturum se patrum uiam ‧ ceterum priusque oculos claudat de
701 1097 2092 1158 salubri statu regnorum suorum uelle cum eius agere : albertum
692 1157 2080 1213 austrie ducem generum suum esse : et uirtute perscantem :
692 1219 2104 1276 et generis nobilitate sublimem ‧ Eum se non minus amare
692 1285 2039 1342 quam fiium : Successorem itaque nominare ‧Rogare
701 1351 2068 1405 supremam uoluntatem suam exequantur ‧ beatum id regnum
701 1402 2086 1466 futurum ‧ Cui albertus imperauerit ‧ Exin legatos nominee ‧
689 1473 2080 1533 qui se mortuo bohemias petentes in conuentu procerum testa¬
692 1551 2063 1600 mentum suum patefaciant ‧ inter quos caspar Sclichuis
695 1613 2063 1656 princeps fuit matre italica ex comitibus alti collis : agri
686 1669 2065 1722 Tarui sini patre theutomai natus : ex familia lazana :
687 1734 2080 1790 prouincie franconie ingenio dextro : facundia suam : doctine
686 1799 2068 1859 cultor : ad omnia genitus quecumquie ageret ‧ quem usque a deo
695 1871 2051 1924 fortuna : sinit ac uirtus extulit : ut quod erat pusus
680 1939 2024 1993 maudicum trium cesarum successuie regnancium cancellarie
707 1987 2122 2061 prefuerit : unus ex ducibus Stlesie filiam sibi in niri moinum
692 2065 2146 2125 tradere : non recusauerit sigismundus egram illi : Et culrtum :
683 2113 2155 2188 Et alia in franconibus oppida dono dedit ‧ albertus in ungariam
668 2202 2068 2253 Calesium et alliam eccelesiam fridericus in austria Brecium ‧
680 2270 2048 2318 Uersatile profecto ingenium : Et nature bonitas singularis :
680 2332 2036 2386 que inter tot imperratures morilius prorsirum dispares :
698 2385 2042 2449 pari gratia uiuere potiut ‧ Nos huius amicicia in curia
701 2443 2018 2511 firderici cesaris uti ‧ Si quid profecius quod summus ‧
704 2495 2063 2565 episcopatum terte tergesinium : unde relique dignitatis
