2479 3508
450 444 1886 491 tam forti animo mortem pertulisse traditur : quam isti incendium poggius florentinus
456 499 1803 545 etatis nostre nobilis scriptor : de morte ieronimi ad nicolaum nicolai
447 551 1827 600 conciuem suum : elegantem scripsit epistolam quamuis paululum sua con¬
456 606 1827 650 suetudine : in mores cleri inuectus uideatur cineres exustorum ne
459 660 1815 710 raperentur a bohemis in locum proiecti discipuli eorum ex eo solo
453 721 1827 770 terram abstulere : in quo ignis fuit : eamque ueluti sacram secum
444 779 1824 830 attulere in patriam ‧ iohannes ac ieronimus apud bohemos martirum
453 832 1842 886 honores meruere ‧ nec immores quam petrus et paulus apud romanos
444 893 1836 944 habiti ‧ nunciatis eum in bohemia quam constancie gesta fuerunt : de
456 956 1871 1004 iohanne ac ieronimo : discipuli eorum sequacesque omnes in unum conuenientes
456 1012 1874 1064 memoriam in primis defunctorum consecrant : celebrandamque quot annis
447 1066 1880 1126 decerunt : exim per amicos nonnullas sibi ecclesias a rege tradi extor¬
462 1131 1788 1179 quent in quis sue predicare plebi : sacramentaque ministrare
456 1187 1812 1239 libere possint : neque hoc modo contenti : apud Platonicim : nobile
450 1236 1848 1296 monasterium fratrum predicatorum : extra menia oppidi situm a fun¬
441 1302 1815 1355 damentis : deiiciunt ‧ eaque prima ecclesiarum ruinas inhussitarum
444 1365 1874 1419 nouitate facta ‧ decurritur in ecclesias Monasteriaque passim nobili¬
459 1427 1830 1478 ssima superis dicata templa : ferro aliter igne uastantur ‧ nullum
456 1490 1857 1535 ego regnum etate nostra : tota europa : tam frequentibus: tam au¬
459 1550 1874 1597 gustiis : tam ornatis templis : dotatum fuisse : quam bohemicum : et reor
459 1611 1874 1654 templa  in celum erecta : longitudine cui amplitudine mirabili:
453 1664 1833 1713 fornitibus tegebantur lapideis : altaria in sublimi posita : auro et
441 1723 1824 1774 argento : quo sanctorum reliquie tegebantur : onusta : sacerdotum
450 1788 1815 1834 uestes : Margaritiis tecte ornatus omnis diues : preciosissima
453 1851 1830 1903 suppellex : fenestre alte aliter amplissime : conspicuo uitro et
447 1911 1851 1968 admirabili opere lucem prebebant ‧ neque hec tam in oppidis atque
453 1969 1797 2028 urbibus sed in uillis quoque admirari licebat fuit inter cetera :
444 2027 1859 2086 monasterium aule regie apud ripam multauie qua misa fluuius
450 2089 1859 2149 illi iungitur : situm in quo regum corpora condebantur : singularis
456 2144 1871 2208 excellencie : nam preter edem magni et memorabilis operis : amplum
450 2207 1874 2270 dormitorum : ceterasque monachorum officinas : magnifice constructas
453 2263 1812 2326 quadrata portuus fuit : que non parum conclusit ortum : ambitum
456 2323 1836 2386 uocauere : in huius lateribus uetus nouumque testamentum : ab inicio
453 2380 1883 2443 genesis usque ad apocalipsim iohannis : litteris maiusculis in tabuliis
450 2440 1848 2502 scriptum continebatur notis quo alcius irent : paulatim crescentibus
456 2517 1857 2577 ita ut a summo usque deorsum : facilis leccio preberetur : sed hoc decus
