2479 3508
409 439 1815 511 Milites fracto cuniculorum repagulo in fossam prosiliunt et admotis
426 497 1779 570 salis uallum ascendere incumtur : pranddebat cum forte Rohatius :
435 551 1773 627 pauci qui pro muris excubabant clamorem attollunt ‧ sit
417 606 1752 684 tumultus concuritur undique addefendendum uallum Rohacius
426 665 1734 744 relicto quoque cibo : sumptis armis anxilio suis ex arce
417 721 1770 808 aduolat ‧ pugnatur eodem tempore pluribus lacis acerrime ‧
429 769 1758 870 ubi Rohacius adest ‧ hostis ex alia perte uallum superat ‧
412 840 1770 939 Stragemque late faciens castellum ingreditur ‧ Rohacius dum
429 909 1779 996 redire in  arcem festinat : precluso itinere tapitur : Arx quoque
444 966 1851 1055 ui rimpitur latronibus qui eo consugerant interceptis sacer ¬
417 1019 1886 1115 dotique hussitarum uesanie participi : qui sacramenta ministrabat
426 1088 1788 1190 heretuis : in dira uincula ducti omnes : pragam susspendio
435 1159 1812 1250 uitam firmere : furcarum quibus damnati penas dedere triplex
429 1217 1806 1308 differentia suit ‧ E sublimiori Rohacius pependit ‧ Linam
429 1285 1889 1375 tenuere latrones circiter LXXXX ‧ Media sacerdotes arripuit :
429 1349 1794 1439 nomine medium : ati ita medius in medio furcarum : dampnatam
429 1420 1797 1499 arius : denotamque sathana reddulit ‧ egrotare interea sigis
438 1486 1776 1563 mundus cepit : exaugente morbo : senecturis uicio modum
432 1551 1862 1623 barbara imperatrix : de retinendo imperio sollicita heniricum
438 1617 1761 1688 ptasconem ‧ alscionem sterebergium ‧ Beorgium pogi ebratium
429 1685 1824 1760 Et alios plerosque barones : quorum auctoritas apud boheos
444 1748 1845 1823 potior clamculum ad se uocat Sigismundum breui morituum assciter
447 1813 1862 1879 futuras in regno turbas : iusi rei sue quem celerrime consulatum ‧
432 1879 1791 1942 quietis uincam uitam esse : Si se uiduam rex poloniem ducat
435 1948 1806 2008 uxorem id ei swasu facile nam quis inriomum renuat :
429 2008 1848 2071 quod dotalia duo regna sequantur ‧ Eaque maxima et opulentissia
438 2070 1848 2133 suo nomine et in hungaria : Et in bohemia oppida numutissiam
435 2136 1803 2193 custodiri comiter cilie : alterum fratrem : alterum nepotem anxilia
444 2193 1913 2259 prebituras Multos in hungaria proceres suas pertes complexuros
447 2264 1833 2324 placet bohemis imperatricis consalium : datisque dextris fedus
441 2324 1845 2396 ineunt : Mulier iam anus nouum conuigium mente complexa:
453 2388 1859 2455 filiam que in spem regni creuerat Et alberto duci austrie
447 2447 1791 2507 nupserat : ex animo dimonet ‧ Nec aliud quam noui concubitus
441 2506 1782 2561 gaudia meditatur ‧ in exhaustam femine libidinem quo tumolo
