2479 3508
456 427 1862 481 Se se recepit : et paulo post in castellum nouum quod ipse construxerat :
450 482 1818 534 quinto distans lapide cum paucis abiit : missis ad fratrem oratoribus :
453 540 1886 591 qui eius auxilium implorarent : consulibus autem noue ciuitatis pragensis ‧
441 594 1862 648 ne ulterius ab hereticis dominicum corpus in pompa deferri sineret
444 654 1839 708 imperauit : quondam at heretici pridie hoc lege iulii apud ecclesiam carmelitarum
444 710 1871 771 conuenientes ad edem sancti stephani eucharistiam per plurimas plateas
438 773 1833 828 aliter ecclesias  armati circumtulere ‧ ibique domum sacerdotis suis in
450 835 1842 893 epistulis non consencientis dirripuere ‧ et sublato clamore ingenti :
462 895 1818 952 furentes ‧ pretorum peciere consules XI ‧ metu propulso : fuga
471 958 1851 1007 saluati sunt ‧ uii qui remanserant : et tum his index urbis : aliter
450 1017 1848 1069 alii nonnulli ciues raptim intercepti : ex atissimis fenestris
444 1080 1818 1132 in forum precipitati : lanceis ac uerubus irati popoli excepti :
447 1141 1836 1194 dirum spectaculum dilaniati pretinere : stante in foro iohanne
453 1200 1877 1258 monacho et sacrum cristi corpus sanguinario populo ostentate
450 1265 1815 1319 camerarius regni qui cum tricentis equitibus ad sedandum
441 1316 1836 1377 tumultum accurrerat : ubi furentem plebem animaduertit : de sua
456 1386 1830 1446 uita solicitus : spiga sibi consuluit ea cum regi renunciarentur :
453 1446 1857 1510 cuntlique circumstantes attoniti facinus detestarentur : ac ego inquit
456 1512 1839 1567 princerna futura hec prestieram ‧ quem rex indignatus : correptum
453 1568 1854 1622 repente inter pedes suos perstrauit : et arrepto pugionem conatus
447 1634 1913 1690 est interficere ‧ sed impeditus a circumstantibus : egre illi uitam dimisit
453 1695 1809 1747 hec mora paralisi correptus egrotare cepit ‧ aliter infra X et
453 1752 1824 1809 octo dies signatis nominibus hereticorum quos neci destinauerat ‧
456 1812 1839 1870 fratrem assidue uocitans : et amicorum auxilia anxius expectans :
444 1875 1815 1927 ante uita excessit : quam uocati principes adcerent : cum regnasset
444 1929 1877 1984 annis quinque ‧ et quinquaginta uixisset duobus amplius consueuerunt :
450 1986 1868 2045 octo diebus aromatibus condita : per sacra loca urbis circumferri
462 2044 1818 2105 plangique et sequentibus amicis ac baronibus conclamari : hoc in
453 2107 1851 2162 Uenceslaum neglectum ‧ Non audente regina : noua ingredi ciuitatim ‧
441 2173 1818 2225 delatum est cadauer ad ecclesiam sancti uiri : in arte et inde ad
450 2236 1812 2290 aulam regiam de qua paulo ante meminimus ‧ ibique conditum
453 2295 1901 2353 in sepulchro quod ipse sibi delegerat ‧ sed tum postea monasterium
444 2355 1830 2410 ipsum ab hereticis diriperetur : et sepulchra regum effringerentur :
453 2415 1857 2469 cadaueraque abicerentur : pisciculos quispiam cognomine Mustha
453 2459 1803 2523 Uencieslao uendere solitus Regis quem amauerat : corpus
447 2513 1806 2573 clam collegit et in loculo apud se domi condidit : interiecto
