2479 3508
622 379 2012 499 Contulisset Sed diuertit ille ut fortasse in fatis erat : iter uratislauamque
624 475 1987 562 Sclesie caput accesit : quo in loco populus urbanus non diu antea
628 530 1998 619 consulatum a Venceslao fratre constitutum per sedicionem obtruntauerat
632 576 2020 650 Cuius sceleris aultores securi percussit ‧ Quod ubi prage re¬
622 624 1998 718 nunciatum est diffisi de ueniam ciues exemplum uratislauiensium :
633 685 1989 751 ueriti : manifesto destiuerunt : et allecto premiis Cenchoneque
633 736 2016 841 arci pragensi : prerat : in totum regnum lras dedere : ne quispia
622 801 1992 875 Sigismundo aditu preberet qui dalmatice ligue hostis esset :
637 847 2114 950 hec alia cura teneretur : quam regni perdendi : qui marchiam antiqua
628 932 2000 1011 prutenorum ordini iure pignoris obligasset : brandeburge
622 987 1994 1075 autem a corona bohemica alienasset : iohannem ac Ieromimum
624 1031 2012 1142 in constantimnensi concilio cremari non solum permisisset : uerum
624 1101 1989 1199 eciam procurasset ‧ dognata fidei qua ipsi sequerentur
637 1154 1979 1256 totis conatibus impugnaret Et in Czistha dum set aguntur
466 1131 586 1261 o¬
635 1186 2082 1289 relicta ex federe pelgina bis a fidelibus inuasus : bis uerfuti
643 1270 2005 1366 usus ex pene uicto uictor euasit : Erant aspera loca in¬
630 1320 2016 1410 quibus pugnare oportuit : hostes in equis Milites sui ones
626 1379 2001 1490 pedites : Nec certame committi nisi pedester poterat : ut ergo
635 1438 1992 1554 desilere ab equis aduersari mulieres que de more suum
630 1504 2012 1598 exercitum sequebant : proicere pepla in terram itissit : uibus
628 1576 2011 1679 impliciti per calcaria equites prus extincti sunt : quam pedes
632 1633 2075 1740 expedire ualerent : Ipse deinde austam peciit oppidum ad lusmtium
633 1698 1998 1782 anime in ripa situm : Ex quo procopius et ulricus fratres uere
641 1762 2075 1854 fidei cultores eiusque loci dominum : non paruam populi partem eiecerat
637 1810 2040 1889 cum hereticis sencientem : id cistha prima quadragesime nocte
632 1874 2016 1952 aggressus armis expugnauit : diripuit incendit : Sed litium
632 1952 2031 2035 quoque castellum ab eo loco mille passuum distans : quo se ulricus
637 1992 1981 2086 receperat : ui cepit : ulricum familiaque suam gladio occidit :
633 2035 2060 2140 um tantum uita retenta qui reliquos obtrucaret : Cumque ciuitatem
628 2105 2018 2200 quam incoleret : muro tinctam non haberet locum na munitum
633 2154 2042 2265 ad eundem aninem elegit uix unei stadis ab austa seperatum
624 2222 2040 2335 hunc menibus tinxit et ut quisque tentoria fixerat ita edi¬
628 2274 2053 2388 ficare sibi domos imperauit : Ciuitati thabor indidit nomen
633 2340 1998 2418 nam et comites eius fratres thaborice appellabantur : tanquam cum
632 2401 2068 2506 tribus apostolis saluatoris cristi transfiguracionem in monte uidisset
633 2454 1989 2578 Indeque suas opinios mutuati eent : quas fidei ueritates :
151 3338 766 3404 Attpo dala onebs ac adeep lorba lio
2020 3336 2303 3390 Sbite b uoc Do¬
