<?xml version="1.0" encoding="UTF-8" standalone="yes"?>
<PcGts xmlns="http://schema.primaresearch.org/PAGE/gts/pagecontent/2013-07-15" xmlns:xsi="http://www.w3.org/2001/XMLSchema-instance" xsi:schemaLocation="http://schema.primaresearch.org/PAGE/gts/pagecontent/2013-07-15 http://schema.primaresearch.org/PAGE/gts/pagecontent/2013-07-15/pagecontent.xsd">
    <Metadata>
        <Creator>Transkribus</Creator>
        <Created>2025-10-17T12:55:07.637+02:00</Created>
        <LastChange>2025-12-12T11:17:08.395+01:00</LastChange>
    </Metadata>
    <Page imageFilename="11421593_0036_104475234.jpeg" imageWidth="2479" imageHeight="3508">
        <ReadingOrder>
            <OrderedGroup id="ro_1765535182106" caption="Regions reading order">
                <RegionRefIndexed index="0" regionRef="r_1"/>
                <RegionRefIndexed index="1" regionRef="r"/>
                <RegionRefIndexed index="2" regionRef="r_2"/>
            </OrderedGroup>
        </ReadingOrder>
        <TextRegion id="r_1" custom="readingOrder {index:0;}">
            <Coords points="1939,274 2072,274 2072,433 1939,433"/>
            <TextLine id="l" custom="readingOrder {index:0;}">
                <Coords points="2041,402 1957,402 1966,393 1957,402 1978,423 1924,435 1914,420 2041,432"/>
                <Baseline points="2041,402 1957,402"/>
                <TextEquiv>
                    <Unicode>51</Unicode>
                </TextEquiv>
            </TextLine>
            <TextEquiv>
                <Unicode></Unicode>
            </TextEquiv>
        </TextRegion>
        <TextRegion id="r" custom="readingOrder {index:1;}">
            <Coords points="464,380 1909,380 1909,2593 464,2593"/>
            <TextLine id="l_41" custom="readingOrder {index:0;}">
                <Coords points="455,475 1851,468 1851,469 1881,469 1881,438 455,445"/>
                <Baseline points="455,475 1851,468 1851,469"/>
                <TextEquiv>
                    <Unicode>lingue libertatem adeptus : regnum armis recuperauit : in quo for¬</Unicode>
                </TextEquiv>
            </TextLine>
            <TextLine id="l_3" custom="readingOrder {index:1;}">
                <Coords points="467,532 486,532 514,532 543,532 582,532 621,532 647,535 699,538 709,532 717,532 738,538 758,535 792,535 823,527 844,538 883,535 919,532 932,532 956,532 1034,540 1057,535 1073,535 1086,535 1117,535 1148,532 1176,527 1215,532 1236,522 1254,522 1270,525 1275,525 1296,525 1353,525 1374,527 1400,530 1413,530 1421,530 1483,527 1506,530 1527,532 1548,519 1566,522 1587,519 1633,525 1662,527 1688,517 1706,527 1727,519 1753,522 1776,517 1784,522 1800,497 1781,487 1752,492 1723,489 1708,496 1690,483 1658,497 1636,495 1587,489 1566,492 1542,490 1520,503 1509,500 1484,497 1420,500 1413,500 1402,500 1377,497 1354,495 1296,495 1275,495 1273,495 1257,492 1229,493 1210,502 1175,497 1144,502 1116,505 1086,505 1073,505 1054,505 1032,510 958,502 932,502 918,502 881,505 850,509 826,497 788,505 756,505 740,508 721,502 701,503 692,509 650,505 623,502 582,502 543,502 514,502 486,502 467,502"/>
                <Baseline points="467,532 486,532 514,532 543,532 582,532 621,532 647,535 699,538 709,532 717,532 738,538 758,535 792,535 823,527 844,538 883,535 919,532 932,532 956,532 1034,540 1057,535 1073,535 1086,535 1117,535 1148,532 1176,527 1215,532 1236,522 1254,522 1270,525 1275,525 1296,525 1353,525 1374,527 1400,530 1413,530 1421,530 1483,527 1506,530 1527,532 1548,519 1566,522 1587,519 1633,525 1662,527 1688,517 1706,527 1727,519 1753,522 1776,517 1802,522"/>
                <TextEquiv>
                    <Unicode> tunam in uticamque partem expertus : inter uiros claros emicuit :</Unicode>
                </TextEquiv>
            </TextLine>
            <TextLine id="l_5" custom="readingOrder {index:2;}">
                <Coords points="473,582 496,582 519,582 545,582 558,582 600,582 618,579 639,590 660,584 691,584 717,584 756,590 782,595 802,582 826,584 844,584 865,582 914,592 935,590 953,590 1015,595 1036,590 1060,590 1078,592 1137,590 1158,590 1187,582 1210,584 1228,579 1249,579 1280,577 1304,582 1356,582 1395,577 1428,577 1459,569 1465,569 1480,571 1498,574 1524,577 1548,577 1584,577 1607,574 1636,571 1683,577 1704,579 1719,592 1745,582 1776,577 1776,577 1776,547 1774,547 1737,553 1725,559 1716,551 1686,547 1636,541 1604,544 1582,547 1548,547 1526,547 1502,544 1484,541 1467,539 1455,539 1424,547 1393,547 1354,552 1307,552 1282,547 1248,549 1224,549 1207,554 1184,552 1154,560 1136,560 1079,562 1062,560 1033,560 1013,565 954,560 934,560 916,562 867,552 843,554 827,554 795,553 776,566 761,560 719,554 691,554 656,554 642,560 623,549 598,552 558,552 545,552 519,552 496,552 473,552"/>
                <Baseline points="473,582 496,582 519,582 545,582 558,582 600,582 618,579 639,590 660,584 691,584 717,584 756,590 782,595 802,582 826,584 844,584 865,582 914,592 935,590 953,590 1015,595 1036,590 1060,590 1078,592 1137,590 1158,590 1187,582 1210,584 1228,579 1249,579 1280,577 1304,582 1356,582 1395,577 1428,577 1459,569 1465,569 1480,571 1498,574 1524,577 1548,577 1584,577 1607,574 1636,571 1683,577 1704,579 1719,592 1745,582 1776,577 1776,577"/>
                <TextEquiv>
                    <Unicode>Wencieslaus etatis sue anno secundo : permittente patre regni</Unicode>
                </TextEquiv>
            </TextLine>
            <TextLine id="l_6" custom="readingOrder {index:3;}">
                <Coords points="475,626 506,623 535,615 545,621 571,626 592,626 613,631 634,631 688,634 725,639 743,631 771,631 800,636 821,636 852,639 875,634 886,631 896,631 961,644 984,634 1008,634 1044,634 1070,634 1093,634 1109,634 1132,634 1156,628 1189,628 1218,626 1262,636 1280,628 1314,623 1348,626 1418,634 1457,621 1483,626 1501,623 1519,623 1574,621 1607,618 1636,621 1646,623 1696,626 1722,623 1769,634 1794,634 1797,631 1776,610 1783,606 1772,604 1724,593 1695,596 1650,593 1640,591 1607,588 1572,591 1518,593 1499,593 1483,596 1455,591 1415,604 1351,596 1313,593 1272,599 1259,606 1220,596 1188,598 1152,598 1128,604 1109,604 1093,604 1070,604 1044,604 1008,604 978,605 958,614 899,601 882,601 868,605 850,609 822,606 803,606 774,601 737,602 721,609 691,604 635,601 616,601 595,596 574,596 556,593 539,583 501,593 472,596"/>
                <Baseline points="475,626 506,623 535,615 545,621 571,626 592,626 613,631 634,631 688,634 725,639 743,631 771,631 800,636 821,636 852,639 875,634 886,631 896,631 961,644 984,634 1008,634 1044,634 1070,634 1093,634 1109,634 1132,634 1156,628 1189,628 1218,626 1262,636 1280,628 1314,623 1348,626 1418,634 1457,621 1483,626 1501,623 1519,623 1574,621 1607,618 1636,621 1646,623 1696,626 1722,623 1769,634 1794,634 1797,631"/>
                <TextEquiv>
                    <Unicode>bohemici : sceptrum est assecutus . exim . XV . agens annum : cum</Unicode>
                </TextEquiv>
            </TextLine>
            <TextLine id="l_7" custom="readingOrder {index:4;}">
                <Coords points="465,688 488,675 517,686 535,683 556,683 597,683 613,680 657,691 670,688 688,688 761,696 774,688 797,696 831,699 857,686 880,686 904,699 971,701 1008,693 1031,693 1065,699 1088,696 1132,683 1161,686 1187,688 1202,683 1221,683 1249,683 1309,680 1327,680 1374,688 1395,691 1410,688 1426,699 1436,696 1441,704 1459,683 1496,691 1514,675 1576,667 1618,662 1636,662 1654,657 1667,654 1691,657 1701,657 1745,660 1776,667 1800,667 1823,662 1852,662 1872,654 1865,654 1865,654 1865,624 1925,654 1818,664 1846,633 1820,632 1797,637 1779,637 1749,630 1702,627 1693,627 1665,624 1647,628 1632,632 1616,632 1572,637 1502,648 1488,660 1447,647 1444,660 1450,658 1431,668 1416,657 1394,661 1379,658 1330,650 1308,650 1248,653 1221,653 1197,653 1183,658 1164,656 1129,653 1082,667 1066,669 1034,663 1005,663 968,671 912,670 887,657 850,657 825,670 803,667 770,653 754,667 690,658 667,658 657,661 614,650 594,653 556,653 533,653 520,656 485,641 450,662"/>
                <Baseline points="465,688 501,696 517,686 535,683 556,683 597,683 613,680 657,691 670,688 688,688 761,696 774,688 797,696 831,699 857,686 880,686 904,699 971,701 1008,693 1031,693 1065,699 1088,696 1132,683 1161,686 1187,688 1202,683 1221,683 1249,683 1309,680 1327,680 1374,688 1395,691 1410,688 1426,699 1436,696 1441,704 1459,683 1496,691 1514,675 1555,697 1589,688 1631,698 1646,680 1670,696 1706,685 1756,691 1782,690 1810,696 1823,701 1859,696 1891,696"/>
                <TextEquiv>
                    <Unicode>coniuge sua iohanna : apud belgas in ciuitate aquensi Romani</Unicode>
                </TextEquiv>
            </TextLine>
            <TextLine id="l_8" custom="readingOrder {index:5;}">
                <Coords points="465,753 499,753 532,751 540,751 561,753 621,758 644,758 675,753 696,753 719,751 758,753 789,758 862,761 870,761 880,761 899,761 927,763 943,763 956,756 1005,761 1044,761 1067,756 1093,758 1119,756 1132,753 1148,761 1169,761 1179,761 1189,761 1247,756 1270,758 1296,751 1348,756 1376,748 1400,748 1426,748 1498,748 1519,751 1545,745 1563,745 1582,743 1602,753 1639,751 1678,745 1696,751 1706,753 1724,748 1743,751 1766,753 1781,753 1789,758 1805,733 1789,724 1767,723 1747,721 1722,718 1705,723 1704,722 1681,715 1636,721 1608,724 1587,713 1561,715 1542,715 1518,721 1500,718 1426,718 1400,718 1372,718 1345,726 1293,721 1267,728 1247,726 1188,731 1179,731 1169,731 1155,732 1136,723 1114,726 1093,728 1065,726 1041,731 1007,731 950,727 936,734 928,733 900,731 880,731 870,731 863,731 792,728 761,723 718,721 695,723 673,723 642,728 622,728 564,723 541,721 531,721 498,723 465,723"/>
                <Baseline points="465,753 499,753 532,751 540,751 561,753 621,758 644,758 675,753 696,753 719,751 758,753 789,758 862,761 870,761 880,761 899,761 927,763 943,763 956,756 1005,761 1044,761 1067,756 1093,758 1119,756 1132,753 1148,761 1169,761 1179,761 1189,761 1247,756 1270,758 1296,751 1348,756 1376,748 1400,748 1426,748 1498,748 1519,751 1545,745 1563,745 1582,743 1602,753 1639,751 1678,745 1696,751 1706,753 1724,748 1743,751 1766,753 1781,753 1805,758"/>
                <TextEquiv>
                    <Unicode>regni coronam accepit : Quarto decimum anno pestis seuissima </Unicode>
                </TextEquiv>
            </TextLine>
            <TextLine id="l_9" custom="readingOrder {index:6;}">
                <Coords points="467,813 488,813 514,813 538,815 566,818 590,821 610,823 662,821 688,821 704,821 730,823 758,821 789,821 808,821 828,821 875,821 893,821 912,818 969,823 987,821 1039,823 1073,823 1086,823 1132,821 1153,815 1215,815 1239,813 1278,813 1304,813 1317,813 1335,813 1395,810 1441,805 1470,818 1493,808 1511,805 1543,818 1561,823 1605,808 1623,805 1693,802 1709,802 1727,805 1761,808 1784,808 1800,815 1797,826 1826,834 1837,797 1790,779 1762,778 1731,775 1711,772 1692,772 1620,775 1598,779 1560,793 1553,790 1514,775 1484,779 1470,787 1446,775 1393,780 1334,783 1317,783 1304,783 1278,783 1238,783 1214,785 1149,785 1127,791 1085,793 1073,793 1040,793 986,791 969,793 911,788 891,791 875,791 828,791 808,791 789,791 757,791 730,793 705,791 688,791 661,791 611,793 593,791 569,788 541,785 515,783 488,783 467,783"/>
                <Baseline points="467,813 488,813 514,813 538,815 566,818 590,821 610,823 662,821 688,821 704,821 730,823 758,821 789,821 808,821 828,821 875,821 893,821 912,818 969,823 987,821 1039,823 1073,823 1086,823 1132,821 1153,815 1215,815 1239,813 1278,813 1304,813 1317,813 1335,813 1395,810 1441,805 1470,818 1493,808 1511,805 1543,818 1561,823 1605,808 1623,805 1693,802 1709,802 1727,805 1771,808 1810,813"/>
                <TextEquiv>
                    <Unicode>bohemiam populata est in praga quattuor mensibus in una tamen</Unicode>
                </TextEquiv>
            </TextLine>
            <TextLine id="l_10" custom="readingOrder {index:7;}">
                <Coords points="470,878 501,873 530,873 548,873 571,873 584,873 621,873 634,873 652,875 673,873 691,873 732,873 753,873 784,870 847,873 891,867 912,867 935,870 953,870 976,873 1000,873 1018,870 1041,870 1119,870 1145,870 1169,870 1254,870 1252,862 1280,862 1309,865 1361,857 1413,854 1439,867 1459,862 1470,862 1480,857 1519,857 1545,857 1595,854 1670,862 1691,865 1709,865 1724,867 1737,867 1771,865 1771,865 1784,873 1789,873 1787,880 1792,867 1764,856 1806,824 1824,847 1792,844 1779,836 1770,835 1736,837 1726,837 1711,835 1693,835 1674,832 1596,824 1544,827 1519,827 1473,828 1463,833 1455,832 1442,837 1419,825 1358,827 1308,835 1282,832 1218,835 1220,843 1169,840 1145,840 1119,840 1041,840 1016,840 998,843 978,843 955,840 937,840 914,837 889,837 846,843 783,840 752,843 732,843 691,843 672,843 652,845 636,843 621,843 584,843 571,843 548,843 530,843 499,843 465,848"/>
                <Baseline points="470,878 501,873 530,873 548,873 571,873 584,873 621,873 634,873 652,875 673,873 691,873 732,873 753,873 784,870 847,873 891,867 912,867 935,870 953,870 976,873 1000,873 1018,870 1041,870 1119,870 1145,870 1169,870 1254,870 1252,862 1280,862 1309,865 1361,857 1413,854 1439,867 1459,862 1470,862 1480,857 1519,857 1545,857 1595,854 1646,865 1675,868 1699,865 1716,867 1737,867 1771,865 1771,865"/>
                <TextEquiv>
                    <Unicode>Sancti Stephani parrochia tria milia funerum et . l .fuere.</Unicode>
                </TextEquiv>
            </TextLine>
            <TextLine id="l_11" custom="readingOrder {index:8;}">
                <Coords points="475,937 504,937 535,937 558,932 584,935 631,935 654,935 691,935 748,937 771,937 805,937 836,937 891,937 922,937 948,943 963,943 987,945 1010,945 1073,937 1088,937 1101,935 1114,937 1132,927 1150,932 1171,932 1257,930 1272,930 1343,935 1361,927 1374,927 1384,932 1410,930 1434,927 1496,925 1517,927 1540,930 1574,932 1597,930 1618,925 1628,925 1641,927 1693,927 1717,925 1727,927 1774,930 1792,930 1792,930 1789,932 1805,925 1793,898 1840,904 1837,916 1792,900 1775,900 1731,897 1719,895 1692,897 1643,897 1630,895 1615,895 1592,900 1574,902 1543,900 1520,897 1497,895 1432,897 1407,900 1390,903 1381,898 1355,898 1338,905 1273,900 1257,900 1171,902 1154,902 1128,897 1109,907 1101,905 1086,907 1071,907 1008,915 988,915 964,913 951,913 925,907 891,907 836,907 805,907 771,907 749,907 692,905 654,905 631,905 586,905 557,902 532,907 504,907 475,907"/>
                <Baseline points="475,937 504,937 535,937 558,932 584,935 631,935 654,935 691,935 748,937 771,937 805,937 836,937 891,937 922,937 948,943 963,943 987,945 1010,945 1073,937 1088,937 1101,935 1114,937 1132,927 1150,932 1171,932 1257,930 1272,930 1343,935 1361,927 1374,927 1384,932 1410,930 1434,927 1496,925 1517,927 1540,930 1574,932 1597,930 1618,925 1628,925 1641,927 1693,927 1717,925 1727,927 1774,930 1792,930 1792,930 1789,932"/>
                <TextEquiv>
                    <Unicode>Sexto decimum anno regna decessit  : et altera superdicta est ex</Unicode>
                </TextEquiv>
            </TextLine>
            <TextLine id="l_12" custom="readingOrder {index:9;}">
                <Coords points="461,989 510,989 544,992 565,992 609,989 646,989 643,989 672,989 708,989 742,989 771,989 789,989 833,992 867,995 916,992 945,987 974,984 1034,984 1049,984 1083,984 1120,984 1146,984 1172,982 1211,974 1239,979 1252,979 1276,982 1302,984 1356,987 1388,984 1419,979 1437,982 1463,979 1484,979 1505,979 1580,987 1601,984 1619,987 1643,987 1664,984 1682,987 1711,982 1742,987 1763,979 1783,979 1794,979 1812,982 1812,982 1812,952 1814,952 1796,949 1783,949 1758,949 1739,957 1711,952 1682,957 1664,954 1641,957 1621,957 1601,954 1579,957 1507,949 1484,949 1461,949 1438,952 1419,949 1384,954 1355,957 1304,954 1279,952 1254,949 1242,949 1211,944 1168,952 1145,954 1120,954 1083,954 1049,954 1034,954 972,954 941,957 913,962 867,965 835,962 790,959 771,959 742,959 708,959 672,959 703,989 586,989 608,959 564,962 545,962 511,959 461,959"/>
                <Baseline points="461,989 510,989 544,992 565,992 609,989 646,989 643,989 672,989 708,989 742,989 771,989 789,989 833,992 867,995 916,992 945,987 974,984 1034,984 1049,984 1083,984 1120,984 1146,984 1172,982 1211,974 1239,979 1252,979 1276,982 1302,984 1356,987 1388,984 1419,979 1437,982 1463,979 1484,979 1505,979 1580,987 1601,984 1619,987 1643,987 1664,984 1682,987 1711,982 1742,987 1763,979 1783,979 1794,979"/>
                <TextEquiv>
                    <Unicode>domo boidaria : nonne sophia longe uiro suo prestancior</Unicode>
                </TextEquiv>
            </TextLine>
            <TextLine id="l_13" custom="readingOrder {index:10;}">
                <Coords points="461,1062 502,1057 521,1054 536,1054 549,1054 612,1060 640,1054 661,1052 726,1057 747,1041 765,1052 794,1057 825,1049 849,1060 880,1057 948,1057 969,1057 997,1060 1044,1057 1060,1057 1080,1057 1101,1057 1127,1054 1172,1052 1190,1049 1244,1052 1260,1052 1286,1054 1307,1057 1323,1060 1380,1057 1414,1057 1429,1057 1450,1054 1468,1057 1520,1049 1544,1049 1567,1049 1586,1049 1645,1047 1682,1052 1713,1044 1729,1044 1747,1044 1763,1044 1776,1044 1809,1041 1812,1047 1839,1034 1828,1007 1775,1014 1763,1014 1747,1014 1729,1014 1709,1014 1680,1022 1647,1017 1585,1019 1567,1019 1544,1019 1518,1019 1468,1027 1450,1024 1427,1027 1414,1027 1379,1027 1325,1030 1312,1027 1289,1024 1261,1022 1245,1022 1188,1019 1169,1022 1125,1024 1099,1027 1080,1027 1060,1027 1043,1027 998,1030 971,1027 948,1027 879,1027 854,1030 828,1019 793,1027 776,1024 745,1002 718,1028 661,1022 635,1024 610,1030 550,1024 536,1024 519,1024 498,1027 457,1032"/>
                <Baseline points="461,1062 502,1057 521,1054 536,1054 549,1054 612,1060 640,1054 661,1052 726,1057 747,1041 765,1052 794,1057 825,1049 849,1060 880,1057 948,1057 969,1057 997,1060 1044,1057 1060,1057 1080,1057 1101,1057 1127,1054 1172,1052 1190,1049 1244,1052 1260,1052 1286,1054 1307,1057 1323,1060 1380,1057 1414,1057 1429,1057 1450,1054 1468,1057 1520,1049 1544,1049 1567,1049 1586,1049 1645,1047 1682,1052 1713,1044 1729,1044 1763,1044 1776,1044 1809,1041"/>
                <TextEquiv>
                    <Unicode>inter hec pragenses . populaui tumultu exciti atque in furore</Unicode>
                </TextEquiv>
            </TextLine>
            <TextLine id="l_14" custom="readingOrder {index:11;}">
                <Coords points="458,1112 518,1120 534,1120 557,1114 617,1117 635,1112 664,1112 685,1117 700,1112 729,1112 760,1112 815,1109 833,1109 867,1104 903,1112 937,1112 997,1112 1018,1112 1049,1101 1083,1101 1114,1101 1143,1101 1169,1104 1216,1104 1239,1104 1273,1112 1291,1109 1372,1104 1390,1101 1409,1104 1466,1104 1500,1104 1520,1104 1541,1104 1573,1099 1599,1104 1619,1107 1656,1109 1687,1109 1724,1112 1737,1107 1768,1104 1799,1104 1799,1107 1789,1117 1810,1138 1827,1118 1829,1074 1767,1074 1730,1078 1720,1082 1688,1079 1657,1079 1622,1077 1604,1074 1574,1069 1539,1074 1520,1074 1500,1074 1466,1074 1411,1074 1390,1071 1369,1074 1288,1079 1274,1082 1242,1074 1216,1074 1171,1074 1145,1071 1114,1071 1083,1071 1044,1071 1013,1082 997,1082 937,1082 906,1082 868,1074 831,1079 814,1079 759,1082 729,1082 695,1082 684,1087 667,1082 631,1082 614,1087 554,1084 530,1090 520,1090 462,1082"/>
                <Baseline points="458,1112 518,1120 534,1120 557,1114 617,1117 635,1112 664,1112 685,1117 700,1112 729,1112 760,1112 815,1109 833,1109 867,1104 903,1112 937,1112 997,1112 1018,1112 1049,1101 1083,1101 1114,1101 1143,1101 1169,1104 1216,1104 1239,1104 1273,1112 1291,1109 1372,1104 1390,1101 1409,1104 1466,1104 1500,1104 1520,1104 1541,1104 1573,1099 1599,1104 1619,1107 1656,1109 1687,1109 1724,1112 1737,1107 1768,1104 1799,1104"/>
                <TextEquiv>
                    <Unicode>acti : in deorum domus in uadunt bona eoru, ducipiunt . domos</Unicode>
                </TextEquiv>
            </TextLine>
            <TextLine id="l_15" custom="readingOrder {index:12;}">
                <Coords points="463,1174 508,1169 523,1169 547,1169 568,1161 601,1166 620,1172 638,1169 695,1169 732,1172 750,1169 794,1166 810,1164 831,1164 849,1169 872,1169 875,1166 932,1174 958,1172 992,1174 1021,1177 1078,1172 1120,1164 1156,1169 1177,1169 1224,1172 1244,1164 1286,1169 1312,1174 1369,1164 1406,1172 1422,1172 1442,1169 1463,1169 1489,1166 1539,1169 1573,1166 1625,1172 1661,1164 1674,1159 1695,1164 1700,1164 1742,1166 1765,1166 1794,1164 1815,1169 1822,1185 1820,1177 1791,1184 1803,1130 1838,1142 1796,1134 1764,1136 1743,1136 1701,1134 1698,1134 1672,1129 1652,1135 1623,1142 1573,1136 1539,1139 1488,1136 1461,1139 1440,1139 1420,1142 1409,1142 1370,1134 1312,1144 1291,1139 1240,1134 1219,1142 1178,1139 1158,1139 1119,1134 1074,1142 1021,1147 994,1144 958,1142 933,1144 864,1132 861,1141 853,1139 835,1134 808,1134 791,1136 747,1139 731,1142 696,1139 636,1139 622,1142 608,1137 565,1131 542,1139 523,1139 506,1139 460,1144"/>
                <Baseline points="463,1174 508,1169 523,1169 547,1169 568,1161 601,1166 620,1172 638,1169 695,1169 732,1172 750,1169 794,1166 810,1164 831,1164 849,1169 872,1169 875,1166 932,1174 958,1172 992,1174 1021,1177 1078,1172 1120,1164 1156,1169 1177,1169 1224,1172 1244,1164 1286,1169 1312,1174 1369,1164 1406,1172 1422,1172 1442,1169 1463,1169 1489,1166 1539,1169 1573,1166 1625,1172 1645,1172 1666,1175 1677,1174 1700,1177 1742,1166 1765,1166 1794,1164 1815,1169 1833,1153"/>
                <TextEquiv>
                    <Unicode>intendunt alii intra duas horas: non sexui : non etati par¬ </Unicode>
                </TextEquiv>
            </TextLine>
            <TextLine id="l_16" custom="readingOrder {index:13;}">
                <Coords points="464,1231 498,1231 524,1229 540,1229 558,1229 587,1229 613,1229 673,1234 702,1234 713,1239 731,1231 749,1239 754,1236 781,1234 802,1234 817,1236 878,1239 914,1239 938,1236 951,1234 967,1234 1006,1236 1022,1234 1040,1234 1077,1229 1103,1229 1124,1229 1176,1236 1195,1231 1213,1226 1239,1229 1273,1226 1312,1221 1365,1218 1394,1218 1412,1218 1436,1223 1456,1223 1467,1213 1483,1223 1551,1226 1574,1218 1590,1218 1608,1221 1627,1218 1656,1221 1669,1223 1753,1218 1773,1221 1794,1221 1800,1221 1818,1221 1828,1208 1828,1202 1798,1202 1800,1198 1804,1193 1800,1191 1794,1191 1775,1191 1754,1188 1670,1193 1660,1191 1626,1188 1608,1191 1592,1188 1569,1188 1547,1196 1492,1194 1463,1173 1445,1195 1439,1193 1415,1188 1394,1188 1364,1188 1309,1191 1270,1196 1239,1199 1211,1196 1187,1202 1174,1206 1126,1199 1103,1199 1075,1199 1038,1204 1020,1204 1005,1206 968,1204 949,1204 934,1206 912,1209 879,1209 820,1206 804,1204 780,1204 745,1207 747,1207 731,1198 713,1208 708,1205 674,1204 614,1199 587,1199 558,1199 540,1199 523,1199 497,1201 464,1201"/>
                <Baseline points="464,1231 498,1231 524,1229 540,1229 558,1229 587,1229 613,1229 673,1234 702,1234 713,1239 731,1231 749,1239 754,1236 781,1234 802,1234 817,1236 878,1239 914,1239 938,1236 951,1234 967,1234 1006,1236 1022,1234 1040,1234 1077,1229 1103,1229 1124,1229 1176,1236 1195,1231 1213,1226 1239,1229 1273,1226 1312,1221 1365,1218 1394,1218 1412,1218 1436,1223 1456,1223 1467,1213 1483,1223 1551,1226 1574,1218 1590,1218 1608,1221 1627,1218 1656,1221 1669,1223 1735,1221 1757,1224 1773,1229 1794,1226 1822,1226"/>
                <TextEquiv>
                    <Unicode>centes : infelicem gentium gladio cedunt : perisse aliquot milia</Unicode>
                </TextEquiv>
            </TextLine>
            <TextLine id="l_17" custom="readingOrder {index:14;}">
                <Coords points="466,1286 492,1286 527,1286 555,1286 576,1286 600,1291 658,1289 694,1289 715,1289 733,1289 773,1291 789,1291 804,1291 849,1291 872,1291 909,1289 946,1289 961,1289 977,1289 1001,1289 1043,1286 1085,1289 1142,1286 1160,1289 1176,1286 1197,1284 1226,1294 1244,1281 1257,1281 1271,1281 1320,1278 1375,1289 1412,1276 1436,1278 1485,1284 1519,1278 1551,1278 1572,1276 1590,1276 1656,1284 1674,1281 1708,1281 1734,1278 1773,1278 1805,1276 1823,1278 1821,1278 1821,1308 1871,1281 1806,1246 1772,1248 1732,1248 1706,1251 1672,1251 1655,1254 1592,1246 1571,1246 1550,1248 1516,1248 1484,1254 1439,1248 1408,1246 1373,1259 1322,1248 1270,1251 1257,1251 1235,1252 1221,1262 1201,1254 1172,1256 1160,1259 1144,1256 1085,1259 1043,1256 1000,1259 977,1259 961,1259 946,1259 908,1259 871,1261 849,1261 804,1261 789,1261 774,1261 734,1259 715,1259 694,1259 657,1259 603,1261 579,1256 555,1256 527,1256 492,1256 466,1256"/>
                <Baseline points="466,1286 492,1286 527,1286 555,1286 576,1286 600,1291 658,1289 694,1289 715,1289 733,1289 773,1291 789,1291 804,1291 849,1291 872,1291 909,1289 946,1289 961,1289 977,1289 1001,1289 1043,1286 1085,1289 1142,1286 1160,1289 1176,1286 1197,1284 1226,1294 1244,1281 1257,1281 1271,1281 1320,1278 1375,1289 1412,1276 1436,1278 1485,1284 1519,1278 1551,1278 1572,1276 1590,1276 1656,1284 1674,1281 1708,1281 1734,1278 1773,1278 1805,1276 1823,1278 1821,1278"/>
                <TextEquiv>
                    <Unicode>feruntur : Sernati complurimi infantes : mia bonorum ciuium : </Unicode>
                </TextEquiv>
            </TextLine>
            <TextLine id="l_18" custom="readingOrder {index:15;}">
                <Coords points="469,1349 506,1346 534,1346 558,1339 574,1339 589,1341 621,1344 639,1346 694,1360 739,1360 775,1352 796,1362 833,1362 919,1367 948,1367 954,1367 969,1357 998,1362 1027,1354 1045,1354 1061,1346 1108,1349 1132,1349 1166,1346 1192,1354 1218,1346 1257,1354 1273,1352 1291,1346 1312,1346 1394,1346 1412,1344 1428,1346 1451,1346 1496,1336 1540,1336 1567,1336 1632,1341 1663,1344 1682,1339 1708,1336 1718,1336 1760,1339 1784,1339 1805,1339 1805,1339 1805,1309 1805,1309 1784,1309 1761,1309 1719,1306 1706,1306 1676,1310 1661,1314 1635,1311 1568,1306 1540,1306 1493,1306 1448,1316 1430,1316 1412,1314 1392,1316 1312,1316 1286,1316 1266,1323 1258,1324 1217,1316 1192,1324 1169,1316 1131,1319 1109,1319 1055,1317 1038,1325 1023,1324 997,1332 963,1328 945,1338 948,1337 920,1337 834,1332 803,1333 778,1322 736,1330 698,1330 644,1316 624,1314 592,1311 576,1309 554,1309 530,1316 505,1316 467,1319"/>
                <Baseline points="469,1349 506,1346 534,1346 558,1339 574,1339 589,1341 621,1344 639,1346 694,1360 739,1360 775,1352 796,1362 833,1362 919,1367 948,1367 954,1367 969,1357 998,1362 1027,1354 1045,1354 1061,1346 1108,1349 1132,1349 1166,1346 1192,1354 1218,1346 1257,1354 1273,1352 1291,1346 1312,1346 1394,1346 1412,1344 1428,1346 1451,1346 1496,1336 1540,1336 1567,1336 1632,1341 1663,1344 1682,1339 1708,1336 1718,1336 1760,1339 1784,1339 1805,1339 1805,1339"/>
                <TextEquiv>
                    <Unicode>baptismi graciam accepere calamitosum genus hominum Iudei inter</Unicode>
                </TextEquiv>
            </TextLine>
            <TextLine id="l_19" custom="readingOrder {index:16;}">
                <Coords points="466,1412 492,1407 532,1409 561,1407 582,1407 618,1407 655,1409 678,1412 723,1407 765,1407 775,1412 794,1401 815,1412 833,1412 872,1409 935,1417 974,1422 998,1420 1071,1415 1103,1422 1116,1417 1158,1425 1195,1425 1218,1425 1239,1417 1268,1420 1294,1417 1323,1417 1367,1417 1401,1422 1430,1415 1462,1417 1496,1420 1525,1420 1553,1420 1577,1425 1619,1422 1642,1422 1666,1422 1684,1422 1705,1428 1724,1430 1789,1422 1810,1422 1828,1412 1834,1417 1853,1394 1832,1373 1802,1393 1787,1392 1724,1400 1711,1399 1688,1392 1666,1392 1642,1392 1618,1392 1579,1395 1556,1390 1525,1390 1497,1390 1464,1387 1427,1385 1400,1392 1369,1387 1323,1387 1292,1387 1268,1390 1235,1387 1213,1395 1195,1395 1161,1395 1113,1387 1101,1392 1073,1385 996,1390 975,1392 939,1387 873,1379 832,1382 822,1383 793,1364 774,1379 772,1378 721,1377 678,1382 658,1379 619,1377 582,1377 560,1377 532,1379 490,1377 460,1383"/>
                <Baseline points="466,1412 492,1407 532,1409 561,1407 582,1407 618,1407 655,1409 678,1412 723,1407 765,1407 775,1412 794,1401 815,1412 833,1412 872,1409 935,1417 974,1422 998,1420 1071,1415 1103,1422 1116,1417 1158,1425 1195,1425 1218,1425 1239,1417 1268,1420 1294,1417 1323,1417 1367,1417 1401,1422 1430,1415 1462,1417 1496,1420 1525,1420 1553,1420 1577,1425 1619,1422 1642,1422 1666,1422 1684,1422 1705,1428 1724,1430 1789,1422 1810,1422 1828,1420 1858,1422"/>
                <TextEquiv>
                    <Unicode>cristianos agentes . Qui ubi paululum abundare creduntur mox</Unicode>
                </TextEquiv>
            </TextLine>
            <TextLine id="l_20" custom="readingOrder {index:17;}">
                <Coords points="461,1467 498,1470 524,1470 550,1470 571,1467 634,1470 665,1477 686,1467 731,1475 754,1472 778,1472 794,1475 804,1477 817,1477 859,1475 914,1477 930,1477 940,1477 988,1488 1024,1485 1061,1483 1150,1480 1181,1467 1218,1475 1236,1464 1252,1467 1260,1477 1289,1475 1310,1472 1362,1485 1391,1467 1446,1477 1470,1475 1504,1472 1514,1472 1530,1477 1553,1477 1582,1485 1619,1472 1661,1480 1687,1475 1703,1477 1755,1477 1781,1477 1797,1477 1815,1477 1842,1477 1842,1477 1842,1447 1842,1447 1815,1447 1797,1447 1781,1447 1755,1447 1705,1447 1686,1445 1661,1450 1617,1442 1581,1455 1557,1447 1535,1447 1519,1442 1503,1442 1467,1445 1447,1447 1385,1438 1357,1455 1312,1442 1286,1445 1273,1447 1267,1441 1231,1434 1213,1445 1178,1437 1144,1451 1060,1453 1022,1455 990,1458 943,1447 930,1447 915,1447 859,1445 816,1447 807,1447 800,1446 781,1442 752,1442 732,1445 682,1437 662,1447 638,1440 570,1437 548,1440 524,1440 499,1440 463,1437"/>
                <Baseline points="461,1467 498,1470 524,1470 550,1470 571,1467 634,1470 665,1477 686,1467 731,1475 754,1472 778,1472 794,1475 804,1477 817,1477 859,1475 914,1477 930,1477 940,1477 988,1488 1024,1485 1061,1483 1150,1480 1181,1467 1218,1475 1236,1464 1252,1467 1260,1477 1289,1475 1310,1472 1362,1485 1391,1467 1446,1477 1470,1475 1504,1472 1514,1472 1530,1477 1553,1477 1582,1485 1619,1472 1661,1480 1687,1475 1703,1477 1755,1477 1781,1477 1797,1477 1815,1477 1842,1477 1842,1477"/>
                <TextEquiv>
                    <Unicode>tamque iterum tristi : dei nostri : maiestati contempserunt : aut reli¬  </Unicode>
                </TextEquiv>
            </TextLine>
            <TextLine id="l_21" custom="readingOrder {index:18;}">
                <Coords points="472,1543 506,1543 532,1540 553,1535 616,1540 634,1540 647,1540 655,1540 673,1540 699,1540 726,1540 749,1546 762,1546 778,1540 823,1551 896,1538 922,1538 938,1538 990,1551 1003,1540 1032,1540 1050,1543 1071,1543 1095,1540 1126,1535 1142,1535 1231,1532 1244,1538 1265,1538 1310,1532 1336,1527 1367,1530 1409,1527 1433,1535 1459,1525 1485,1522 1501,1525 1553,1527 1593,1527 1616,1522 1640,1530 1656,1519 1716,1514 1742,1522 1776,1519 1805,1517 1823,1527 1844,1522 1837,1493 1827,1497 1812,1488 1774,1489 1745,1492 1719,1484 1646,1491 1636,1499 1618,1492 1590,1497 1554,1497 1504,1495 1486,1492 1452,1496 1432,1505 1413,1497 1367,1500 1335,1497 1305,1502 1263,1508 1250,1509 1237,1503 1141,1505 1124,1505 1091,1510 1069,1513 1052,1513 1034,1510 993,1512 983,1520 942,1508 922,1508 893,1508 824,1521 776,1510 757,1516 753,1516 730,1510 699,1510 673,1510 655,1510 647,1510 634,1510 617,1510 551,1505 527,1510 504,1513 472,1513"/>
                <Baseline points="472,1543 506,1543 532,1540 553,1535 616,1540 634,1540 647,1540 655,1540 673,1540 699,1540 726,1540 749,1546 762,1546 778,1540 823,1551 896,1538 922,1538 938,1538 990,1551 1003,1540 1032,1540 1050,1543 1071,1543 1095,1540 1126,1535 1142,1535 1231,1532 1244,1538 1265,1538 1310,1532 1336,1527 1367,1530 1409,1527 1433,1535 1459,1525 1485,1522 1501,1525 1553,1527 1569,1535 1600,1532 1630,1535 1656,1535 1726,1527 1745,1535 1771,1535 1795,1538 1820,1543 1844,1532"/>
                <TextEquiv>
                    <Unicode>gion illuseruit : non fortunas tam : sed uitam quoque ammittunt</Unicode>
                </TextEquiv>
            </TextLine>
            <TextLine id="l_2" custom="readingOrder {index:19;}">
                <Coords points="474,1583 1867,1581 1865,1582 1878,1609 1913,1570 474,1553"/>
                <Baseline points="474,1583 1867,1581 1865,1582"/>
                <TextEquiv>
                    <Unicode>impune hoc apud pragensis . flagiensis multum fuit tum quia populi</Unicode>
                </TextEquiv>
            </TextLine>
            <TextLine id="l_24" custom="readingOrder {index:20;}">
                <Coords points="458,1661 521,1653 553,1656 589,1658 634,1656 658,1653 663,1653 697,1658 726,1658 765,1653 783,1653 802,1653 815,1650 841,1650 867,1650 891,1653 919,1650 927,1650 1009,1653 1022,1650 1058,1656 1064,1656 1090,1663 1121,1663 1153,1661 1200,1661 1218,1666 1255,1656 1312,1650 1328,1650 1383,1650 1417,1650 1441,1650 1456,1650 1470,1653 1493,1650 1527,1648 1553,1653 1582,1653 1606,1656 1666,1663 1695,1663 1711,1661 1721,1661 1732,1661 1760,1661 1784,1661 1784,1631 1760,1631 1732,1631 1721,1631 1709,1631 1693,1633 1668,1633 1610,1626 1584,1623 1556,1623 1529,1618 1490,1620 1471,1623 1459,1620 1441,1620 1417,1620 1383,1620 1328,1620 1310,1620 1249,1627 1218,1636 1204,1631 1152,1631 1120,1633 1094,1633 1068,1626 1060,1626 1021,1620 1006,1623 928,1620 917,1620 891,1623 869,1620 841,1620 812,1620 799,1623 783,1623 763,1623 724,1628 699,1628 665,1623 656,1623 631,1626 589,1628 555,1626 521,1623 454,1631"/>
                <Baseline points="484,1658 521,1653 553,1656 589,1658 634,1656 658,1653 663,1653 697,1658 726,1658 765,1653 783,1653 802,1653 815,1650 841,1650 867,1650 891,1653 919,1650 927,1650 1009,1653 1022,1650 1058,1656 1064,1656 1090,1663 1121,1663 1153,1661 1200,1661 1218,1666 1255,1656 1312,1650 1328,1650 1383,1650 1417,1650 1441,1650 1456,1650 1470,1653 1493,1650 1527,1648 1553,1653 1582,1653 1606,1656 1666,1663 1695,1663 1711,1661 1745,1666 1779,1661 1800,1664"/>
                <TextEquiv>
                    <Unicode>haud facile corrigutur scelera : tum quia uencieslaus desidia</Unicode>
                </TextEquiv>
            </TextLine>
            <TextLine id="l_26" custom="readingOrder {index:21;}">
                <Coords points="464,1718 495,1713 521,1713 545,1716 579,1716 610,1724 629,1716 639,1724 723,1726 747,1729 770,1718 786,1724 830,1716 854,1716 885,1718 906,1724 912,1724 959,1716 974,1716 990,1713 1011,1713 1035,1713 1090,1713 1111,1713 1137,1716 1150,1718 1160,1718 1200,1713 1218,1713 1229,1721 1271,1716 1312,1716 1333,1708 1365,1713 1383,1708 1436,1708 1459,1708 1472,1708 1483,1711 1548,1711 1567,1711 1577,1713 1593,1713 1635,1718 1656,1732 1713,1729 1747,1724 1789,1721 1789,1721 1789,1691 1788,1691 1744,1694 1710,1699 1664,1703 1645,1690 1595,1683 1580,1683 1570,1681 1548,1681 1487,1681 1476,1678 1459,1678 1436,1678 1379,1678 1363,1683 1330,1678 1307,1686 1269,1686 1237,1692 1227,1684 1198,1683 1158,1688 1152,1688 1141,1686 1113,1683 1090,1683 1035,1683 1011,1683 987,1683 971,1686 956,1686 909,1694 910,1694 890,1688 855,1686 827,1686 789,1694 769,1686 742,1699 725,1696 649,1696 634,1679 608,1694 583,1686 547,1686 523,1683 493,1683 459,1688"/>
                <Baseline points="464,1718 495,1713 521,1713 545,1716 579,1716 610,1724 629,1716 639,1724 723,1726 747,1729 770,1718 786,1724 830,1716 854,1716 885,1718 906,1724 912,1724 959,1716 974,1716 990,1713 1011,1713 1035,1713 1090,1713 1111,1713 1137,1716 1150,1718 1160,1718 1200,1713 1218,1713 1229,1721 1271,1716 1312,1716 1333,1708 1365,1713 1383,1708 1436,1708 1459,1708 1472,1708 1483,1711 1548,1711 1567,1711 1577,1713 1593,1713 1635,1718 1656,1732 1713,1729 1747,1724 1789,1721 1789,1721"/>
                <TextEquiv>
                    <Unicode>corruptus presenti rerum statu contentu : neque peccata corrige neque</Unicode>
                </TextEquiv>
            </TextLine>
            <TextLine id="l_27" custom="readingOrder {index:22;}">
                <Coords points="461,1776 485,1779 524,1776 545,1776 571,1781 592,1773 665,1779 681,1779 702,1779 733,1784 789,1776 802,1773 825,1781 906,1771 938,1781 974,1768 1003,1773 1011,1768 1030,1779 1058,1779 1074,1779 1142,1768 1158,1766 1184,1768 1202,1771 1242,1779 1268,1776 1344,1773 1386,1781 1422,1781 1443,1781 1464,1787 1496,1789 1504,1781 1519,1781 1532,1787 1559,1787 1608,1784 1640,1781 1671,1781 1718,1789 1760,1776 1784,1776 1818,1787 1823,1787 1823,1757 1823,1757 1789,1746 1756,1746 1716,1759 1674,1751 1639,1751 1606,1754 1558,1757 1538,1758 1525,1752 1493,1753 1485,1760 1469,1757 1447,1751 1422,1751 1389,1751 1346,1743 1266,1746 1243,1749 1207,1741 1188,1738 1157,1736 1138,1738 1072,1749 1058,1749 1038,1750 1010,1730 997,1744 971,1738 937,1751 909,1741 828,1751 804,1743 784,1747 733,1754 704,1749 681,1749 666,1749 588,1743 568,1751 548,1746 523,1746 486,1749 465,1746"/>
                <Baseline points="461,1776 485,1779 524,1776 545,1776 571,1781 592,1773 665,1779 681,1779 702,1779 733,1784 789,1776 802,1773 825,1781 906,1771 938,1781 974,1768 1003,1773 1011,1768 1030,1779 1058,1779 1074,1779 1142,1768 1158,1766 1184,1768 1202,1771 1242,1779 1268,1776 1344,1773 1386,1781 1422,1781 1443,1781 1464,1787 1496,1789 1504,1781 1519,1781 1532,1787 1559,1787 1608,1784 1640,1781 1671,1781 1718,1789 1760,1776 1784,1776 1818,1787 1823,1787"/>
                <TextEquiv>
                    <Unicode>futura ordinare : curauit fuit enim uencieslaus longe patri</Unicode>
                </TextEquiv>
            </TextLine>
            <TextLine id="l_28" custom="readingOrder {index:23;}">
                <Coords points="469,1839 495,1834 527,1836 553,1834 579,1834 597,1831 629,1831 644,1831 668,1834 726,1828 770,1844 794,1849 794,1849 820,1852 836,1852 859,1847 896,1847 914,1847 967,1855 995,1855 1024,1855 1043,1857 1064,1857 1092,1849 1150,1852 1208,1855 1234,1855 1278,1842 1294,1842 1320,1842 1365,1839 1386,1839 1407,1839 1462,1836 1493,1828 1519,1836 1538,1836 1556,1836 1593,1836 1614,1844 1679,1844 1716,1842 1750,1839 1773,1842 1777,1812 1751,1809 1714,1812 1678,1814 1619,1814 1598,1806 1556,1806 1538,1806 1523,1806 1494,1798 1457,1806 1406,1809 1386,1809 1364,1809 1319,1812 1294,1812 1274,1812 1230,1825 1209,1825 1152,1822 1089,1819 1060,1827 1045,1827 1026,1825 995,1825 969,1825 916,1817 896,1817 856,1817 833,1822 822,1822 796,1819 797,1819 778,1815 730,1798 668,1804 646,1801 629,1801 595,1801 577,1804 552,1804 527,1806 493,1804 463,1810"/>
                <Baseline points="469,1839 495,1834 527,1836 553,1834 579,1834 597,1831 629,1831 644,1831 668,1834 726,1828 770,1844 794,1849 794,1849 820,1852 836,1852 859,1847 896,1847 914,1847 967,1855 995,1855 1024,1855 1043,1857 1064,1857 1092,1849 1150,1852 1208,1855 1234,1855 1278,1842 1294,1842 1320,1842 1365,1839 1386,1839 1407,1839 1462,1836 1493,1828 1519,1836 1538,1836 1556,1836 1593,1836 1614,1844 1684,1848 1718,1847 1750,1847 1784,1842 1815,1842"/>
                <TextEquiv>
                    <Unicode>absimilis : uolupatatum sequax : ac labores fugiens unumque</Unicode>
                </TextEquiv>
            </TextLine>
            <TextLine id="l_29" custom="readingOrder {index:24;}">
                <Coords points="469,1907 506,1907 537,1915 568,1912 595,1912 616,1907 639,1907 710,1902 733,1902 770,1902 786,1904 809,1904 857,1899 880,1894 917,1915 938,1915 959,1910 980,1907 998,1907 1035,1897 1053,1902 1071,1902 1116,1910 1174,1904 1197,1904 1236,1902 1273,1904 1310,1899 1349,1891 1417,1889 1438,1889 1462,1894 1530,1894 1551,1894 1577,1889 1593,1894 1611,1899 1648,1899 1692,1897 1732,1904 1753,1897 1784,1897 1810,1902 1831,1902 1852,1902 1883,1897 1878,1867 1850,1872 1831,1872 1813,1872 1787,1867 1748,1867 1730,1874 1694,1867 1647,1869 1615,1869 1601,1865 1579,1859 1548,1864 1530,1864 1465,1864 1441,1859 1417,1859 1346,1861 1305,1869 1272,1874 1236,1872 1196,1874 1172,1874 1117,1880 1074,1872 1057,1872 1035,1867 994,1877 978,1877 953,1881 935,1885 925,1886 885,1864 852,1869 807,1874 788,1874 772,1872 733,1872 709,1872 638,1877 613,1877 592,1882 567,1882 539,1885 510,1877 469,1877"/>
                <Baseline points="469,1907 506,1907 537,1915 568,1912 595,1912 616,1907 639,1907 710,1902 733,1902 770,1902 786,1904 809,1904 857,1899 880,1894 917,1915 938,1915 959,1910 980,1907 998,1907 1035,1897 1053,1902 1071,1902 1116,1910 1174,1904 1197,1904 1236,1902 1273,1904 1310,1899 1349,1891 1417,1889 1438,1889 1462,1894 1530,1894 1551,1894 1577,1889 1593,1894 1611,1899 1648,1899 1692,1897 1732,1904 1753,1897 1784,1897 1810,1902 1831,1902 1852,1902 1883,1897"/>
                <TextEquiv>
                    <Unicode>procopius marchio Morauie : magno recipi : malo cum libertati</Unicode>
                </TextEquiv>
            </TextLine>
            <TextLine id="l_30" custom="readingOrder {index:25;}">
                <Coords points="464,1977 517,1977 544,1977 555,1981 624,1977 635,1977 658,1977 707,1985 741,1973 760,1973 787,1973 810,1973 867,1981 882,1977 897,1981 920,1981 932,1981 947,1985 970,1985 1000,1985 1068,1977 1103,1977 1129,1970 1152,1981 1182,1973 1194,1973 1201,1973 1247,1973 1270,1981 1281,1981 1319,1981 1373,1977 1371,1947 1318,1951 1281,1951 1275,1951 1252,1943 1201,1943 1194,1943 1178,1943 1155,1951 1132,1940 1099,1947 1066,1947 998,1955 970,1955 951,1955 936,1951 920,1951 901,1951 882,1947 865,1951 812,1943 787,1943 760,1943 736,1943 704,1955 660,1947 635,1947 623,1947 559,1951 549,1947 517,1947 464,1947"/>
                <Baseline points="464,1977 500,1977 524,1983 549,1981 598,1977 618,1977 638,1980 670,1988 703,1976 717,1979 744,1982 756,1982 796,1984 853,1980 880,1981 920,1981 915,1984 947,1985 970,1985 1000,1985 1068,1977 1103,1977 1129,1970 1152,1981 1182,1973 1194,1973 1201,1973 1247,1973 1270,1981 1281,1981 1319,1981 1366,1977 1400,1971 1418,1985 1448,1973 1487,1967 1526,1965 1551,1972 1569,1969 1617,1978 1654,1980 1680,1976 1698,1976 1728,1975 1760,1971 1803,1973 1833,1973"/>
                <TextEquiv>
                    <Unicode>XVII ebdomadis custodia habitus est : Iohannes dux Iusaos et</Unicode>
                </TextEquiv>
            </TextLine>
            <TextLine id="l_31" custom="readingOrder {index:26;}">
                <Coords points="457,2028 511,2031 523,2031 551,2031 577,2031 597,2031 623,2040 686,2037 734,2031 768,2034 783,2034 806,2034 823,2028 843,2034 940,2025 963,2031 988,2037 1023,2034 1048,2034 1074,2028 1080,2028 1128,2040 1183,2028 1211,2031 1251,2028 1277,2025 1294,2025 1351,2025 1383,2028 1400,2028 1414,2037 1445,2034 1491,2025 1528,2025 1568,2028 1583,2025 1617,2025 1643,2025 1674,2031 1714,2028 1731,2025 1745,2025 1765,2025 1800,2025 1820,2028 1834,2031 1848,2034 1860,2034 1860,2034 1860,2034 1860,2004 1860,2004 1860,2004 1851,2004 1840,2002 1825,1998 1802,1995 1765,1995 1745,1995 1728,1995 1710,1998 1676,2001 1646,1995 1617,1995 1580,1995 1566,1998 1529,1995 1488,1995 1441,2004 1421,2008 1408,1999 1384,1998 1352,1995 1294,1995 1275,1995 1248,1998 1211,2001 1181,1998 1128,2010 1084,1998 1071,1998 1045,2004 1022,2004 990,2007 970,2002 942,1995 846,2004 822,1998 801,2004 783,2004 769,2004 733,2001 683,2007 627,2010 602,2001 577,2001 551,2001 523,2001 512,2001 459,1998"/>
                <Baseline points="457,2028 491,2025 523,2031 551,2031 577,2031 597,2031 623,2040 686,2037 734,2031 768,2034 783,2034 806,2034 823,2028 843,2034 940,2025 963,2031 988,2037 1023,2034 1048,2034 1074,2028 1080,2028 1128,2040 1183,2028 1211,2031 1251,2028 1277,2025 1294,2025 1351,2025 1383,2028 1400,2028 1414,2037 1445,2034 1491,2025 1528,2025 1568,2028 1583,2025 1617,2025 1643,2025 1674,2031 1714,2028 1731,2025 1745,2025 1765,2025 1800,2025 1820,2028 1834,2031 1848,2034 1860,2034 1860,2034 1874,2028"/>
                <TextEquiv>
                    <Unicode>procopius marchio Morauie : magno recipi : malo cum libertati</Unicode>
                </TextEquiv>
            </TextLine>
            <TextLine id="l_32" custom="readingOrder {index:27;}">
                <Coords points="471,2088 506,2080 534,2085 557,2085 583,2085 614,2085 663,2091 683,2091 723,2088 740,2088 757,2088 774,2088 851,2088 863,2088 874,2088 903,2088 968,2088 980,2088 1020,2088 1071,2088 1103,2088 1140,2091 1163,2097 1228,2085 1277,2082 1297,2082 1323,2085 1351,2085 1388,2088 1394,2088 1423,2091 1460,2085 1480,2085 1494,2085 1545,2085 1571,2088 1591,2080 1637,2080 1685,2080 1700,2077 1720,2074 1737,2074 1743,2074 1783,2074 1805,2074 1831,2074 1848,2077 1853,2047 1834,2044 1805,2044 1783,2044 1743,2044 1737,2044 1718,2044 1695,2047 1682,2050 1637,2050 1585,2051 1567,2058 1547,2055 1494,2055 1480,2055 1458,2055 1422,2061 1396,2058 1389,2058 1352,2055 1325,2055 1299,2052 1276,2052 1224,2055 1164,2067 1145,2061 1104,2058 1071,2058 1020,2058 980,2058 968,2058 903,2058 874,2058 863,2058 851,2058 774,2058 757,2058 740,2058 722,2058 682,2061 665,2061 616,2055 583,2055 557,2055 537,2055 505,2050 464,2059"/>
                <Baseline points="471,2077 506,2080 534,2085 557,2085 583,2085 614,2085 663,2091 683,2091 723,2088 740,2088 757,2088 774,2088 851,2088 863,2088 874,2088 903,2088 968,2088 980,2088 1020,2088 1071,2088 1103,2088 1140,2091 1163,2097 1228,2085 1277,2082 1297,2082 1323,2085 1351,2085 1388,2088 1394,2088 1423,2091 1460,2085 1480,2085 1494,2085 1545,2085 1571,2088 1591,2080 1637,2080 1685,2080 1700,2077 1720,2074 1737,2074 1743,2074 1783,2074 1805,2074 1831,2074 1848,2077"/>
                <TextEquiv>
                    <Unicode>redidi captus est : et secundo per Sigismundum hungarie regem</Unicode>
                </TextEquiv>
            </TextLine>
            <TextLine id="l_33" custom="readingOrder {index:28;}">
                <Coords points="466,2145 500,2145 551,2151 574,2145 588,2145 608,2145 640,2145 663,2145 686,2145 737,2142 766,2148 791,2148 820,2148 837,2148 866,2148 920,2148 948,2145 966,2140 980,2142 1014,2151 1083,2151 1097,2148 1131,2148 1148,2148 1174,2148 1185,2154 1208,2157 1212,2127 1194,2125 1181,2119 1148,2118 1131,2118 1094,2118 1080,2121 1018,2121 986,2113 964,2110 942,2116 918,2118 866,2118 837,2118 820,2118 791,2118 769,2118 739,2112 685,2115 663,2115 640,2115 608,2115 588,2115 570,2115 549,2121 502,2115 466,2115"/>
                <Baseline points="466,2145 500,2145 551,2151 574,2145 588,2145 608,2145 640,2145 663,2145 686,2145 737,2142 766,2148 791,2148 820,2148 837,2148 866,2148 920,2148 948,2145 966,2140 980,2142 1014,2151 1083,2151 1097,2148 1131,2148 1148,2148 1185,2148 1219,2148 1237,2142 1272,2145 1297,2148 1311,2150 1358,2152 1385,2154 1408,2147 1435,2152 1466,2148 1548,2155 1571,2148 1597,2158 1620,2147 1648,2154 1668,2166 1700,2154 1720,2157 1760,2163 1791,2159 1831,2162"/>
                <TextEquiv>
                    <Unicode>et alberto austrie duci : in custodiam datus : custodia eius</Unicode>
                </TextEquiv>
            </TextLine>
            <TextLine id="l_34" custom="readingOrder {index:29;}">
                <Coords points="457,2211 486,2208 540,2214 560,2208 597,2217 617,2217 643,2220 714,2225 734,2225 743,2228 768,2228 786,2222 823,2225 886,2222 914,2222 937,2222 934,2228 954,2225 1031,2220 1060,2211 1091,2214 1126,2211 1148,2211 1177,2214 1194,2214 1234,2214 1271,2214 1305,2211 1377,2205 1411,2205 1428,2205 1463,2208 1483,2205 1540,2208 1554,2205 1580,2205 1605,2205 1657,2208 1680,2208 1711,2211 1723,2211 1743,2208 1765,2211 1805,2202 1798,2173 1764,2181 1743,2178 1721,2181 1712,2181 1681,2178 1658,2178 1606,2175 1580,2175 1551,2175 1538,2178 1482,2175 1462,2178 1429,2175 1411,2175 1376,2175 1302,2181 1270,2184 1234,2184 1194,2184 1179,2184 1150,2181 1125,2181 1091,2184 1057,2181 1026,2191 951,2195 973,2200 975,2198 914,2192 885,2192 823,2195 782,2192 763,2198 748,2198 739,2195 715,2195 646,2190 619,2187 601,2187 559,2178 537,2184 486,2178 454,2181"/>
                <Baseline points="457,2211 486,2208 540,2214 560,2208 583,2217 617,2217 643,2220 714,2225 734,2225 743,2228 768,2228 786,2222 823,2225 886,2222 914,2222 937,2222 934,2228 954,2225 1031,2220 1060,2211 1091,2214 1126,2211 1148,2211 1177,2214 1194,2214 1234,2214 1271,2214 1305,2211 1377,2205 1411,2205 1428,2205 1463,2208 1483,2205 1540,2208 1554,2205 1580,2205 1605,2205 1657,2208 1680,2208 1711,2211 1737,2211 1760,2208 1794,2211 1819,2211"/>
                <TextEquiv>
                    <Unicode>in egegris edibus aput Uienna Uiita quibus exim cognomen</Unicode>
                </TextEquiv>
            </TextLine>
            <TextLine id="l_35" custom="readingOrder {index:30;}">
                <Coords points="471,2265 517,2260 534,2260 574,2262 606,2262 663,2277 694,2277 720,2274 740,2271 783,2271 808,2271 846,2280 860,2280 911,2280 931,2277 948,2277 1020,2280 1046,2280 1066,2277 1114,2277 1160,2277 1174,2274 1205,2274 1228,2274 1245,2277 1271,2268 1300,2262 1348,2271 1380,2268 1400,2268 1408,2262 1431,2262 1440,2262 1463,2268 1491,2268 1508,2262 1525,2262 1537,2262 1571,2265 1611,2268 1637,2268 1671,2268 1705,2265 1725,2265 1757,2265 1805,2262 1834,2260 1834,2260 1834,2230 1833,2230 1803,2232 1756,2235 1725,2235 1704,2235 1670,2238 1637,2238 1612,2238 1573,2235 1538,2232 1525,2232 1503,2232 1486,2238 1467,2238 1444,2232 1431,2232 1399,2234 1391,2240 1379,2238 1349,2241 1300,2232 1263,2239 1243,2247 1231,2244 1205,2244 1171,2244 1157,2247 1114,2247 1064,2247 1044,2250 1021,2250 949,2247 929,2247 909,2250 860,2250 849,2250 811,2241 783,2241 738,2241 716,2244 692,2247 667,2247 610,2232 575,2232 535,2230 515,2230 468,2235"/>
                <Baseline points="471,2265 500,2266 534,2260 568,2262 606,2262 663,2277 694,2277 720,2274 740,2271 783,2271 808,2271 846,2280 860,2280 911,2280 931,2277 948,2277 1020,2280 1046,2280 1066,2277 1114,2277 1160,2277 1174,2274 1205,2274 1228,2274 1245,2277 1271,2268 1300,2262 1348,2271 1380,2268 1400,2268 1408,2262 1431,2262 1440,2262 1463,2268 1491,2268 1508,2262 1525,2262 1537,2262 1571,2265 1611,2268 1637,2268 1671,2268 1705,2265 1725,2265 1780,2268 1805,2262 1834,2260 1834,2260"/>
                <TextEquiv>
                    <Unicode>praga datum quod eas rex pragensis incoluisset : Sed tum paruarum</Unicode>
                </TextEquiv>
            </TextLine>
            <TextLine id="l_36" custom="readingOrder {index:31;}">
                <Coords points="468,2322 491,2322 523,2322 537,2325 574,2328 588,2328 614,2331 631,2331 651,2331 668,2334 717,2337 743,2337 780,2334 800,2337 804,2307 781,2304 742,2307 718,2307 672,2304 654,2301 631,2301 616,2301 590,2298 575,2298 541,2295 526,2292 491,2292 468,2292"/>
                <Baseline points="468,2322 491,2322 523,2322 537,2325 574,2328 588,2328 614,2331 631,2331 651,2331 668,2334 717,2337 743,2337 774,2334 798,2340 820,2339 843,2341 865,2343 885,2347 906,2344 926,2340 992,2351 1014,2352 1037,2353 1055,2358 1088,2355 1149,2357 1172,2353 1191,2352 1222,2350 1241,2349 1266,2348 1288,2341 1303,2335 1371,2334 1403,2331 1434,2328 1465,2322 1499,2325 1559,2334 1585,2331 1612,2334 1631,2328 1660,2331 1688,2332 1751,2327 1783,2330 1802,2321 1837,2329 1866,2323"/>
                <TextEquiv>
                    <Unicode>diligenter custoducetur fugam eripiunt regnoque rursus potitus</Unicode>
                </TextEquiv>
            </TextLine>
            <TextLine id="l_37" custom="readingOrder {index:32;}">
                <Coords points="457,2391 491,2382 506,2382 568,2380 597,2380 637,2394 668,2391 700,2388 763,2397 788,2394 814,2402 828,2397 863,2397 931,2394 957,2388 997,2400 1023,2400 1051,2391 1060,2391 1077,2391 1117,2388 1163,2400 1180,2400 1223,2394 1245,2388 1271,2388 1294,2388 1317,2388 1360,2391 1380,2391 1400,2391 1431,2391 1465,2391 1474,2391 1494,2394 1517,2394 1540,2397 1563,2397 1594,2397 1605,2394 1623,2397 1671,2394 1703,2382 1737,2382 1760,2388 1791,2391 1800,2391 1817,2391 1845,2391 1845,2394 1820,2402 1863,2391 1854,2391 1857,2391 1857,2361 1914,2391 1807,2398 1877,2386 1877,2418 1875,2361 1817,2361 1800,2361 1792,2361 1765,2358 1741,2352 1698,2352 1665,2365 1625,2367 1603,2364 1590,2367 1563,2367 1542,2367 1519,2364 1496,2364 1476,2361 1465,2361 1431,2361 1400,2361 1380,2361 1361,2361 1318,2358 1294,2358 1271,2358 1241,2358 1217,2365 1178,2370 1167,2370 1120,2358 1076,2361 1060,2361 1046,2361 1018,2370 1001,2370 958,2358 927,2364 862,2367 823,2367 813,2372 791,2364 763,2367 701,2358 665,2361 641,2364 602,2350 568,2350 506,2352 487,2352 449,2362"/>
                <Baseline points="482,2385 507,2385 519,2382 568,2380 597,2380 637,2394 668,2391 700,2388 763,2397 788,2394 814,2402 828,2397 863,2397 931,2394 957,2388 997,2400 1023,2400 1051,2391 1060,2391 1077,2391 1117,2388 1163,2400 1180,2400 1223,2394 1245,2388 1271,2388 1294,2388 1317,2388 1360,2391 1380,2391 1400,2391 1431,2391 1465,2391 1474,2391 1494,2394 1517,2394 1540,2397 1563,2397 1594,2397 1605,2394 1623,2397 1671,2394 1703,2382 1737,2382 1760,2388 1791,2391 1817,2391 1845,2391"/>
                <TextEquiv>
                    <Unicode>est neque tuam uitam mutauit : Si piari consuetudine uino ciboque </Unicode>
                </TextEquiv>
            </TextLine>
            <TextLine id="l_38" custom="readingOrder {index:33;}">
                <Coords points="462,2435 503,2435 525,2442 553,2445 569,2448 581,2448 600,2448 660,2451 707,2457 726,2457 757,2464 776,2457 792,2460 826,2460 902,2457 933,2464 952,2464 996,2464 1021,2464 1056,2460 1084,2460 1103,2460 1159,2460 1191,2457 1213,2460 1229,2460 1238,2464 1291,2457 1323,2460 1361,2454 1383,2454 1411,2454 1423,2454 1439,2457 1480,2457 1515,2451 1555,2460 1577,2460 1612,2457 1634,2457 1662,2457 1681,2454 1700,2454 1713,2451 1731,2451 1747,2451 1763,2454 1804,2451 1819,2448 1823,2454 1848,2437 1834,2412 1800,2421 1765,2424 1750,2421 1731,2421 1710,2421 1697,2424 1679,2424 1660,2427 1634,2427 1611,2427 1576,2430 1558,2430 1516,2421 1477,2427 1442,2427 1426,2424 1411,2424 1383,2424 1359,2424 1322,2430 1290,2427 1242,2434 1235,2431 1215,2430 1192,2427 1158,2430 1103,2430 1084,2430 1054,2430 1019,2434 996,2434 952,2434 936,2434 905,2427 825,2430 795,2430 773,2427 755,2434 729,2427 709,2427 663,2421 601,2418 581,2418 572,2418 557,2415 531,2413 508,2405 462,2405"/>
                <Baseline points="462,2435 503,2435 525,2442 553,2445 569,2448 581,2448 600,2448 660,2451 707,2457 726,2457 757,2464 776,2457 792,2460 826,2460 902,2457 933,2464 952,2464 996,2464 1021,2464 1056,2460 1084,2460 1103,2460 1159,2460 1191,2457 1213,2460 1229,2460 1238,2464 1291,2457 1323,2460 1361,2454 1383,2454 1411,2454 1423,2454 1439,2457 1480,2457 1515,2451 1555,2460 1577,2460 1612,2457 1634,2457 1662,2457 1681,2454 1700,2454 1713,2451 1731,2451 1747,2451 1763,2454 1804,2451 1819,2448 1823,2454"/>
                <TextEquiv>
                    <Unicode>marcens : lucemque dormendo nocti coniugens : ab electoribus</Unicode>
                </TextEquiv>
            </TextLine>
            <TextLine id="l_39" custom="readingOrder {index:34;}">
                <Coords points="460,2484 1777,2515 1777,2522 1807,2522 1807,2486 461,2454"/>
                <Baseline points="460,2484 1777,2515 1777,2522"/>
                <TextEquiv>
                    <Unicode>imperii comprobante . Ro. pontifice imperio deiectus domi</Unicode>
                </TextEquiv>
            </TextLine>
            <TextLine id="l_40" custom="readingOrder {index:35;}">
                <Coords points="468,2541 1883,2572 1887,2572 1887,2542 1883,2542 469,2511"/>
                <Baseline points="468,2541 1883,2572 1887,2572"/>
                <TextEquiv>
                    <Unicode>torpens : illaudatum egit eiusque sub hoc rege nostra demum memoriam</Unicode>
                </TextEquiv>
            </TextLine>
            <TextEquiv>
                <Unicode></Unicode>
            </TextEquiv>
        </TextRegion>
        <TextRegion id="r_2" custom="readingOrder {index:2;}">
            <Coords points="1916,483 2086,483 2086,2616 1916,2616"/>
            <TextLine id="l_1" custom="readingOrder {index:0;}">
                <Coords points="1924,594 2008,594 2037,594 2041,586 2014,573 2019,565 2008,564 1924,564"/>
                <Baseline points="1924,594 2008,594 2037,594"/>
                <TextEquiv>
                    <Unicode>34.</Unicode>
                </TextEquiv>
            </TextLine>
            <TextLine id="l_4" custom="readingOrder {index:1;}">
                <Coords points="1958,2576 2007,2579 2049,2579 2052,2584 2078,2569 2067,2547 2008,2549 1960,2546"/>
                <Baseline points="1958,2576 2007,2579 2049,2579"/>
                <TextEquiv>
                    <Unicode>35.</Unicode>
                </TextEquiv>
            </TextLine>
            <TextEquiv>
                <Unicode></Unicode>
            </TextEquiv>
        </TextRegion>
    </Page>
</PcGts>
