2186 3030
455 247 1922 334 non obtinuit palmam ‧ plus iusto indignatus ‧ ter quaterque
465 328 1902 418 caput concussit ‧ et more suo terram ter baculo percussit ‧ ac
471 412 1911 500 barbampleno ore saliua aspergens exclamat ‧ O iniuri¬
456 497 1920 583 a uiris haud toleranda ‧ femina rimosa ‧ uirilia iudicia
461 581 1892 669 mente tractat dolosa ‧ Scimus profecto quia femina siue stat
462 660 1892 759 seu in solio residens licet parum sapiat ‧ quanto minus cum in
467 744 1940 849 stratis accubat ‧ Re uera tunc magis est ad accessum mariti
450 831 1884 931 apta ‧ quam dictare militibus uira ‧ certum est enim longos esse
465 915 1871 1019 crines omnibus ‧ sed breues sensus mulieribus Satius est mori quam
459 1002 1907 1110 uiris talia pati ‧ nos solos obprobium nationibus et gentibus
456 1090 1881 1199 destituit natura ‧ quibus deest rector et uirilis censura ‧ et
459 1175 1889 1288 quos premunt feminea iura ‧ Ad hec domna lubossa illatam
456 1256 1910 1372 sibi contumeliam dissimulans et dolorem cordis femineo pudo¬
447 1343 1901 1460 re celans subrisit et ita est inquit ut ais ‧ femina sum feminam
443 1433 1937 1545 uiuo ‧ sed ideo parum uobis sapere uideor ‧ quia uos non in uirga ferre
447 1520 1925 1634 a iudico ‧ et quoniam sine dolore et timore uiuitis ‧ merito me de¬
440 1615 1889 1715 spicitis ‧ Nam ubi est timor ibi honor ‧ Nunc autem necesse est
446 1697 1910 1799 ualde ut habeatis rectorem femina ferociorem ‧ Sic et columbę
443 1785 1908 1881 olim albiculum miluum quem sibi elegerant in regem spreue¬
455 1882 798 1931 runt ut uos me
931 1905 1895 1960 spernitis ‧ et accipitrem multo ferociorem si¬
441 1944 1887 2050 bi ducem prefecerunt ‧ qui fingens culpas tam nocentes quam in¬
438 2029 1914 2137 nocentes cepit necare et ex tunc usque hodie uescitur colum¬
438 2119 1926 2222 bis accipiter ‧ Ite nunc domum ut quem uos cras eligatis in dominum
441 2202 1877 2309 ego assumam in maritum ‧ Interea predictas aduocat sorores
444 2295 1877 2396 quas non inpares agitabant furores ‧ quarum magica arte
461 2382 1994 2479 et propria iudificabat populum per omnia ‧ ipsa enim lubossa fuit sicut pre¬
434 2475 1940 2573 diximus phitonissa ut chomea sybilla ‧ altera uenefica ut colchis
