2218 3030
628 299 1915 355 regem eas necare cepit ‧ Aut si nescitis quę sint iura
498 370 1899 445 ducis ‧ temptabo uobis ea uerbis dicere paucis ‧ In primis facile est
492 454 1890 529 ducem ponere ‧ sed difficile est positum deponere ‧ Nam qui modo
491 536 1910 617 est sub uestra potestate utrum eum constituatis ducem an non ‧  postquam
497 618 1911 702 uero constitutus fuerit ‧ uos et omnia uestra erunt eius in potestate ‧ Huius
491 699 1877 786 in conspectu uestra febricitabunt genua ‧ et muta sicco palato
483 787 1937 874 adherebit lingua ‧ Ad cuius uocem pre nimio pauore uix re¬
494 876 1937 957 spondebitis ‧ ita domine ita domine ‧ cum solo suo nutu ‧ sine uestro pre¬
494 959 1934 1043 iudicio hunc dampnabit et hunc obtruncabit ‧ istum in car¬
494 1047 1941 1134 cerem mitti illum precipiet in patibulo suspendi ‧ Vos ipsos
488 1128 1901 1219 et ex uobis quos sibi libet alio seruos ‧ alios rusticos ‧
480 1217 1940 1307 alios tributarios ‧ alios exactores ‧ alios tortores ‧ precones ‧
483 1298 1871 1394 alios cocos seu piscatores aut molendinarios faciet ‧
476 1387 1934 1478 constituet etiam sibi tribunos ‧ centuriones ‧ uillicos ‧ culto¬
479 1477 1922 1564 res uinearum simul et agrorum messores segetum ‧ fabros ar¬
470 1562 1943 1649 morum sutores pellium diuersarum et coriorum ‧ filios uestros et fili¬
464 1649 1961 1735 as in obsequiis suis ponet ‧ de bubus etiam et equis ‧ siue equabus ‧
473 1736 1883 1819 seu pecoribus uestris ‧  optima queque ad suum placitum tollet ‧
488 1820 1934 1903 Omnia uestra queque pecora sunt in uillis ‧ in campis ‧  in agris
470 1904 1977 1985 in pratis in uineis auferet et in suos usus rediget ‧ Quid mul¬
465 1984 1919 2074 tis moror ‧ Aut ad quid hec quasi uos ut terream loquor
471 2071 1937 2158 Si persistitis incepto ‧ et non fallitis uoto ‧ iam uobis et nomen
468 2164 1932 2248 ducis ‧ et locum ubi est indicabo ‧ Ad hęc uulgus ignobile confu¬
468 2248 1935 2336 so exaltante clamore ‧ omnes uno ore ducem sibi poscunt da¬
455 2333 1890 2416 ri Quibus illa ‧ en inquit ‧ en ultra illos montes ‧  et monstra¬
461 2423 1920 2506 uit digito montes ‧ Est fluuius non adeo magnus noie beli¬
453 2512 1934 2590 na ‧ cuius super ripam dinoscitur uilla nomine ztadici huius in terri¬
