2182 3057
246 284 1712 372 hec stulto et unsipienti populooreadas adorare et colere et omnem
255 385 1701 444 supersticiosam sectam ‧ ac sacrilegos ritus instituit et docuit ‧ sicut actenus
255 469 1728 540 multi uillani uelut pagani hic latices seu ignes colit ‧ iste
263 543 1734 636 lucos et arbores ‧ aut lapides adorat ille montibus siue collibus
264 625 1692 718 litat ‧ alius quę ipse fecit idola surda et muta rogat et orat ut
251 756 1002 795 domum suam et se ipsum regant
248 814 1691 882 ertia minor sed prudentia maior uocitata est Lubossa quę etiam
236 879 1688 976 urbem tunc potentissimam iuxta siluam quę tendit ad pagum
258 967 1677 1062 ztbecnam construxit et ex suo nomine eam lubossin uocitauit ‧ Hęc
239 1050 1721 1150 fuit inter feminas una prorsus femina in consilio prouida in ser¬
249 1137 1716 1236 mone strennua ‧ corpore casta moribus proba ad dirimenda iudicia
251 1224 1707 1321 populi nulli secunda ‧ omnibus affabilis ‧ sed plus amabilis ‧ feminei sex¬
269 1308 1734 1408 us decus et gloria dictans negocia prouidenter uirilia ‧ Sed quia nemo
260 1395 1728 1497 ex omni parte beatus talis ac tante laudis femina ‧ heu dira
269 1482 1686 1584 condicio humana ‧ fuit phitonissa ‧ Ea tempestate inter duos
270 1558 1710 1669 ciues opibus et genere eminentiores et qui uidebantur populi esse esse recto¬
261 1642 1721 1752 res ‧ orta est non modica litigio agri contigui de termino ‧ Qui in tan¬
267 1728 1733 1839 tum proruperunt in mutuam rixam ‧ ut alter alterius spissm ungui¬
261 1812 1718 1923 bus uolaret in barbam ‧ et nudis conuiciis semet ipsos turpiter digi¬
263 1900 1736 2011 to sub nasum confundentes intrant bachantes curiam ac non
264 1990 1713 2097 sine magno strepitu adeunt dona et ut ratioe iusticie
266 2067 1722 2182 dubiam inter eos dirimat causa suppliciter rogant ‧ Illa interim
267 2148 1736 2263 ut est lasciua mollicies mulierum quando non habet quem timeat ui¬
273 2236 1713 2353 rum cubito sub nixa ‧ ceu puerum enixa ‧ alte in pictis stra¬
273 2319 1736 2440 tis nimis molliter accubabat ‧ Cumque per callem iusticie indecens
273 2407 1722 2526 personam hominum non respiciens ‧ totius controuersie inter eos orte cau¬
285 2484 1751 2614 sa ad statum rectitudinis perduceret is tunc cuius causa in iudicio
