2186 3030
489 286 1941 374 tem Rip ‧ inter duos fluuios ‧ sciliet ogram et wltauam primas
477 366 1913 460 posuit sedes ‧ primas fundauit et edes ‧ et quos in hume¬
473 454 1955 551 ris secum aportarat ‧ humi sisti penates gaudebat Tunc
485 539 1938 634 senior quem alii quasi dominum comitabantur inter cetera suos sequaces
479 620 1937 724 sic affatur ‧ O socuu non semel mecum graues labores per deuia
480 703 1961 808 nemorum perpessi sistite gradum ‧ uestris penatibus litate libamen
476 792 1916 892 gratum ‧ quorum opem per mirificam hanc uobis olim fato pre¬
478 901 1930 976 destinatam ‧  tandem uenistis ad patriam ‧ Hęc est illa terra quam
488 959 1955 1062 sepe me uobis promisisse memini ‧ terra obnoxia nemini
474 1033 1923 1145 feris et uolatilibus referta ‧ nectare mellis et lactis humi¬
483 1122 1928 1241 da ‧  et ut ipsi perspicitis ad habitandum aere iocunda aque
485 1207 1904 1327 ex omni parte copiose et ultra modum piscose ‧ Hic uobis
470 1290 1934 1408 nichil deerit ‧ Sed cum hec talis tam pulchra ac tanta regio
480 1373 1934 1506 in manibus uestris sit cogitate aptum terrę quod sit ‧ Qui mox quasi
482 1469 1916 1584 ex diuino commoniti oraculo ‧ et unde inquiunt melius ut aptius
485 1548 1916 1674 nomen inueniemus ‧ quam quia tu opatur diceris boemus ‧ dicatur et
474 1631 1907 1753 terra boemia ‧ Tunc senior motus sociorum augurio ‧ cepit
473 1715 1934 1838 terram osculari pre gaudio ‧ gaudens eam ex suo nomine nuncu¬
467 1798 1892 1919 pari ‧ et surgens ac utrasque palmas tendens ad sidera ‧
470 1886 1943 2007 sic orsus est eloqui ‧ Salue terra fatalis ‧ mille uotis quesita
465 1964 1910 2092 nobis ‧ olim diluuii tempore uiduata homine ‧ nunc quasi moni¬
456 2048 1871 2175 menta hominum nos conserua incolumes ‧ et multiplices
461 2138 1394 2242 nostram sobolrm a progenie in progenies ‧
516 2227 1914 2353 VORUM autem morum quam honestorum ‧ uel quante simplici¬
504 2314 1883 2434 tatis ‧ et quam ammirande probitatis tunc temporis fuerint
503 2403 1943 2516 homines ‧ quamque inter se fideles et in semet ipso⸍s⸍ misericordes ‧
455 2499 1907 2606 cuius etiam modestię ‧ sobrietatis continentię ‧ si quis his moder
