2182 3025
246 260 1718 349 De talibus canit propheta ‧ Sapientes sunt ut faciant ma¬
252 343 1676 433 la ‧ bene autem facere nesciunt ‧ Hii namque ea solummodo
264 429 1703 521 linceis oculis inspiciunt ‧ et in corde suo uelut in ada¬
249 511 1683 608 mante figunt memoriter quę sunt dicta inproprie aut
255 606 1748 695 ubi mens mea dormitans titubauit ‧ Quid mirum? Quandoque
267 693 1709 781 bonus dormitat omerus ‧ Horum ego nec inuidiosis dero¬
255 775 1724 868 gationibus perterreor ‧ nec yronicis adulationibus permulceor ‧ qui
267 864 1700 957 uolunt legant ‧ qui nolunt abiciant ‧ Tu autem frater karissime si
264 948 1689 1041 me tuum amicum diligis ‧ si meis precibus tangeris ‧ precinge
267 1032 1712 1127 lumbos mentis et accipe in manum rasorium calcem et cala¬
267 1122 1719 1217 mum ‧ ut quod superest radas ‧ et quod non est desuper addas ‧ inpro¬
264 1210 1725 1303 prie dicta proprietate muta ‧ ut sic mea inscicia ‧ tua subue¬
261 1293 1776 1388 atur facecia ‧ Non enim ab amico corrigi erubesco ‧ qui etiam ab
267 1378 1758 1475 amico nimio affectu emendari exposco ‧ Continent autem
272 1465 1766 1562 hic liber primus boemorum gesta ‧ pro ut mihi scire licuit diges¬
272 1552 1751 1648 ta usque ad tempora primi Bracizlai filii ducis OvalRici ‧ An¬
285 1634 1748 1732 nos autem dominice incarnationis idcirco a temporibus Boriswoy
285 1721 1731 1814 primi ducis catholici ordinare cepi ‧ quia in inicio huius
291 1797 1763 1897 libri nec fingere uolui nec chronicam reperire potui ‧ ut
285 1885 1739 1981 quando uel quibus gesta sint temporibus scirem quę ad presens
276 1975 1746 2068 recitabis in sequentibus ‧ Valete et tuo iussu aut me ad cetera
285 2062 1749 2156 euoluenda precingam ‧ aut ibi gradum sistam ‧ et meis ineptis
282 2147 1773 2238 modum figam ceptis ‧ Viue uale ‧ mea ne renuas optata
291 2229 1775 2319 sed imple ‧ Est autem hec chronica composita ‧ regante ‧IIII‧
297 2319 1743 2406 henrico romano imperatore et gubernante sanctam ęcclesiam
291 2397 1751 2494 dei sub temporibus ducis boemorum Wladihlai simul et presu¬
291 2482 1784 2585 lis pragensis ęcclesię domini hermanni ‧ ut insequentibus
