2182 3057
260 299 1752 378 medea ‧ tercia malefica ut aeaeae circes ‧ Illa nocte quid consi¬
255 377 1698 459 lii inierint ‧ ille treseumenides ‧ aut quid secreti egerint
252 458 1719 537 quamuis ignotus fuerit ‧ tamen omnibus luce clarius mane patuit
263 545 1721 625 cum sorror earum lubossa et locum ubi dux futurus latuit ‧ et quis
254 625 1731 710 esset nomine indicauit ‧ Quis enim crederet ‧ quod de aratro
249 723 1698 800 sibi ducem prerogarent ‧ Aut quis sciret ubi araret qui
249 807 1722 885 rector populi fireret ‧ Quid enim phitonicus furor nescit ‧ aut
260 898 1674 971 quid est quod magica ars non efficit ‧ Potuit sybilla romano
243 979 1710 1057 populo seriem fatorum fere usque in diem iudicii predicere ‧ quę etiamsi fas
255 1057 1742 1144 est credere de Christo vaticinata est ‧ sicut quidam doctor in sermo¬
243 1147 1722 1232 nę suę predicationis uersus uirgilii ex persona sybillę de ad¬
261 1238 1722 1318 uentu domini compositos introducit ‧ Potuit medea herbis
254 1319 1721 1403 et carmine sepe e celo hyperionem et berecintiam deducere ‧ Po¬
254 1410 1734 1494 tuit ymbres fulgura et tonitrua ducere de nubibus Potuit re¬
257 1502 1740 1581 gem egacum de sene facere iuuenem ‧ Carmine circes socii ulixis
254 1581 1743 1668 conuersi sunt in diuersas ferarum formas ‧ rex picus in uolucremqui
258 1666 1695 1753 nunc dicitur picus ‧ Quid mirum ‧ Quanta egerunt artibus suis magi in
258 1743 1727 1837 egypto ‧ qui pene totidem mira carminibus suis fecerunt ‧ quot
255 1830 1691 1918 dei famulus ex dei uirtute moyses exhibuisse perhibetur‧
1317 1944 1699 1986 Hactenus hęc
344 1938 1034 2005 ostera die ut iussum fuerat
285 2012 1683 2089 sine mora conuocant cetum congregant populum ‧ conueniunt
261 2090 1725 2169 simul omnes in unum ‧ femina lubossa residens in sublimi so¬
258 2175 1683 2255 lio concionatur ad agrestes uiros dicens ‧ O plebs miseranda
249 2259 1686 2338 nimis ‧ quę libera uiuere nescit et quam nemo bonus nisi cum uita
264 2331 1704 2427 amittit ‧ illa uos non inuiti libertatem fugitis ‧ et insuete ser¬
240 2420 1692 2517 uituti colla sponte submittitis ‧ Heu tarde uos frustra
261 2492 1737 2604 penitebit sicut ranas penituit ‧ cum ydrus quem sibi fecerant
