2186 3030
515 245 1965 346 iberalium artium quibusque studiis pleniter inbuto et om¬
521 330 1907 427 nino de scientię sapientia delibuto archigeronte Ger¬
518 408 1910 514 uasio ‧ Co⸍s⸍mas quod dicitur haud dici dignus ‧ deo tamen
494 480 1937 603 et sancto Wencezlao famulantium famulus debitę ora¬
456 572 1928 689 tionis munus et mutuę dilectionis pignus ‧ Cum acceperis hanc
458 660 1898 779 scedulam ‧ scias quod tibi transmiserim ‧ boemorum chronicam ‧
464 749 1937 864 quam ego nullo grammatice artis lepore politam ‧ sed simpli¬
453 838 1940 956 citer et uix latialiter digestam ‧ tuę prudentię singla¬
455 919 1952 1040 ri examinanda deliberaui ‧ quatinus tuo sagaci iudicio ‧ aut
459 1005 1925 1127 omnino abiciatur ‧ ne a quoquam legatur ‧ aut si legis adiudica¬
437 1080 1928 1214 tur ‧ lima tuę examinationis ad unguem prius elimetur ‧
444 1176 1946 1297 aut potius quod magis rogo per te ex integro latialius enu¬
459 1262 1919 1384 cleetur ‧ Nam id solum opere precium duxi in meo opere ‧ ut uel
461 1346 1934 1469 tu cui a deo collata est sapientia ‧ uel alii potiores scientia
446 1432 1895 1555 sicut uirgilius habuit troie eacida ‧ et stacius eacidia ‧ ita
443 1516 1925 1639 ipsi hoc meum opus habeant pro materia quo et suam scientiam pos¬
449 1605 1922 1724 teris notificent ‧ et nomen sibi memoriale in secula mag¬
1598 1732 1865 1804 nficent ‧
462 1693 1301 1777 Igitur huius narrationis sumpsi
470 1776 1901 1900 exordium a primis in colis terrę boemorum et per pauca quę
482 1864 1895 1982 didici senum fabulosa relatione non humanę laudis
428 1941 1886 2070 ambicione ‧ sed ne omnino tradantur relata obliuioni ‧ pro
422 2032 1851 2155 posee et nosse pando omnium bonorum dilectioni ‧ Bonis
420 2114 1904 2240 enim et peritis semper placere glisco ‧ idiotis autem et discoli⸍s⸍
425 2199 1887 2322 displicere non pertimesco ‧ Scio enim non nullos affore e¬
419 2288 1862 2414 mulos et eos emori risu subsannationis ‧ cum uiderint
425 2376 1883 2501 scemata huius operationis ‧ qui tantummodo docti sunt
386 2466 1910 2592 aliis derogare ‧ et ipsi per se nichil boni sapiunt erogare ‧
