2182 3025
267 295 1731 378 N diuisione orbis secundum geometricos ‧ asia nomine sub suo dimi¬
273 376 1704 458 dium mundi obtinuit ‧ et dimidium europa et affrica ‧ In e¬
240 460 1707 550 uropa sita est germania ‧ cuius in partibus uersus aquilonalem pla¬
255 544 1695 635 gam est locus late nimis diffusus ‧ cinctus undique monti¬
249 628 1722 719 bus per gyrum ‧ qui in modum extenduntur totius terrę per circuitum
249 717 1689 806 ut in aspectu oculorum quia unus et continuus mons terram
248 804 1733 892 illa totam circueat et muniat ‧ Huius terrę superficiem tunc tem¬
254 888 1718 980 poris uaste tenebant solitudines nemorum ‧ sine habita¬
251 969 1758 1063 tore hominum ‧ nimis tamen sonore erant examinibus apum ‧
249 1059 1719 1155 et diuersarum modulationibus uolucrum ‧ Fere siluarum innu¬
248 1149 1680 1236 mere ‧ ceu maris harene ‧ uel quot stellę in ethere ‧ nec
249 1239 1698 1325 ab ullo perterrite errabant per deuia terrę ‧ et bestiarum gregibus
260 1330 1719 1414 uix sufficiebat tellus ‧ ad numerum locustarum estate per ar¬
260 1413 1725 1501 ua saltantium ‧ uix poterant equiperare armenta iumentorum ‧
248 1501 1668 1588 Aquę illic nimis perspicue ‧ et ad humanos usus sane ‧
243 1582 1722 1676 Similiter et pisces suaues ‧ et ad comedendum salubres ‧  Mi¬
264 1659 1755 1760 ra res et unde perpendere potes ‧ quam in alto aere hęc pen¬
255 1746 1752 1846 deat regio ‧ cum nulla peregrina hanc influat aqua sed quot¬
270 1825 1736 1931 quot amnes parui et inmanes ex diuersis montibus orti ‧
267 1918 1683 2014 a maiori aqua que labe dicitur recepti ‧ usque aquilonale fluunt
279 2002 1722 2099 in mare ‧ Et quia hęc regio tempore in illo intemptata ia¬
279 2086 1730 2182 cebat aratro et homo qui temptaret ad huc eam non intrarat ‧ de
267 2171 1734 2264 fertilitate siue  sterilitate eius magis placuit tacere ‧ quia
273 2260 1749 2356 inexpertam rem dicere ‧ Has solitudines quisquis sicut ille ho¬
267 2347 1728 2444 minum incertum est ‧ quot in animabus ‧ Postquam intrauit querens lo¬
288 2428 1758 2531 ca humanis habitationibus oportuna ‧ montes ‧ ualles ‧
263 2510 1760 2621 tesqua ‧ tempe ‧ uisu sagaci perlustrauit ‧ et ut reor circa mon¬
