2186 3030
459 278 1933 332 datur omnibus scire uolentibus quibus sint acta annis christi uel
465 362 1955 409 indictionibus ‧ Incipit primus libellus in chronicam boemorum
463 443 1768 495 quam composuit cosmas pragensis ecclesię decanus ‧
1107 514 1907 595 ost diluuii effusionem ‧ post ui¬
1107 603 1889 682 rorum maligna mente turrim
1110 693 1946 767 edificantium confusionem ‧ humanum
1112 781 1895 857 genus quod tum fere constabat in  ‧LXX‧
1113 868 1949 941 duobus uiris ‧ pro tam illicitis et te¬
1086 946 1925 1030 meraris ausis cum diuina ultione
1094 1038 1892 1117 quot capita uirorum ‧ tot in diuersa
1110 1123 1896 1199 linguarum genera diuiderentur ‧
1037 1209 1926 1291 sicut hystorica relatione didici¬
953 1291 1962 1381 mus ‧ unusquisque eorum uagus et profugus lon¬
875 1372 1949 1463 ge lateque dispersi ‧ per diuersa spacia terrarum er¬
782 1452 1898 1552 rabant ‧ ac de die in diem corpore descrescentes ‧
737 1544 1925 1642 in generationes et generationes multipliciter cres¬
728 1628 1922 1726 cebant ‧ Vnde humanum genus dei nutu omnia dis¬
722 1706 1913 1813 ponente in tantum diffusum est per orbem terrę ut
719 1789 1883 1901 post multa secula tandem has etiam in partes
717 1884 1890 1984 deueniret germanie ‧ Tum enim omnis regio sub
716 1973 1866 2074 arcto axe thanay tenus et usque ad occiduam
713 2054 1907 2157 sita ‧ licet in ea singula propriis loca nominibus nun¬
716 2136 1904 2245 cupentur ‧ generali tamen uocabulo germania uoci¬
437 2220 1937 2332 tatur ‧ Ad hoc ista retulimus ut nostrę intentionis melius exequi
434 2307 1928 2422 possimus propositum ‧ Veruntamen interim priusquam ad exordium nar¬
437 2398 1904 2516 rationis ueniamus ‧ situm terre huius boemicę ‧ et unde sit no¬
422 2485 1442 2587 men sortita ‧ breuiter exponere temptabimus ‧
