2212 3051
1209 287 1766 358 Incipit prologus ad
1213 398 1751 439 Seuerum prepositum
1200 483 1628 522 OMIN
1207 561 1811 605 Seuero mylocensis
1200 618 1758 706 ecclesię preposito tam lit¬
1202 706 1757 790 terali scientia ‧ quam spirituali
1218 780 1776 875 intelligentia predito
1200 889 1728 954 Cosmas Pragensis ęcclesię
1213 989 1787 1037 Solo nomine decanus post
1215 1045 1706 1132 huius uite stadium in
1235 1124 1766 1213 lesti regno brauium ‧
1227 1219 1788 1300 Quanta mentis meę de¬
1226 1300 1784 1387 uotione ac dilectione uestrę
297 1386 1805 1481 paternitati substernor ‧ deum testor eloqui nequeo ‧ Neque enim est
303 1477 1757 1568 magna dilectio ‧ quam humana comprehendit ratio ‧ Dilectio
300 1556 1743 1651 enim uera nichil proprium ‧ nichil secretum aut occultum habere quit ‧
294 1642 1757 1739 quod non ei promat quem sincero affectu diligit ‧ Ea mihi nisi af¬
309 1723 1749 1823 fuissent nequaquam tante auctoritatis uiro ‧ hęc mea senilia
327 1804 1820 1910 deliramenta offerre presumpissem ‧ Querens enim quesiui ‧ quid
318 1894 1802 1996 iocundum ‧ quid ociosum uobis offerrem ‧ sed nichil tam ridiculosum quam
317 1981 1776 2081 opusculum meum inueni ‧ Si enim suauiter ridemus ‧ cum aliquem
318 2073 1767 2164 offendi pede ad lapidem uidemus ‧ quot in hoc opere meas of¬
327 2149 1775 2248 fensiones ‧ quot grammatice artis synalimphas uidebitis
333 2229 1787 2338 de quibus si per singula ridere uelitis ‧ ultra modum potestis u¬
333 2312 1782 2422 ti proprietate hominis ‧ Siue enim uobis soli heę seniles nuge
321 2403 1770 2513 placeant siue displiceant rogo ne tercius eas uideat ‧
347 2479 1901 2602 Valete ‧ Item ad geruasium magistrum prefacio operis subsequentis ‧
