2182 3057
249 276 1689 375 nis hominibus ualde contraria imitantibus ‧ pleno ore narrare
249 360 1698 462 temptauerit ‧ in magnum deueniret fastidium ‧ Propterea hęc pre¬
249 458 1707 552 termittimus et pauca ac que sunt uera illius prime ętatis de qua¬
258 542 1725 634 litate dicere cupimus ‧ felix nimium erat etas illa ‧ modico
261 620 1742 723 contenta sumptu nec tumido inflata fastu cereris et ba¬
261 705 1722 807 chi munera haud norant quia neque erant ‧ Sera prandia
258 791 1712 892 soluebant ‧ glande ‧ uel ferina carne ‧ Incorruptę latices
269 876 1751 981 haustus dabant salubres ‧ ut solis splendor uel aquę hu¬
252 963 1748 1065 mor sic arua et nemora ‧ quin etiam et ipsa conubia erant
270 1044 1743 1147 illis communia ‧ Nam more pecudum singulas ad noctes no¬
261 1130 1757 1233 uos probant ineunt hymineos ‧ et surgente aurora trium
263 1217 1740 1321 gratiarum copula et ferrea amoris rumpunt uincula ‧ et ubi
267 1304 1716 1408 nox quemque occupaurat ibi fusus per herbam frondose ar¬
267 1395 1752 1500 boris sub umbra dulces carpebat somnos ‧ Lane uel lini
239 1475 1757 1585 eis usus ac uestis ignotus ‧ Hyeme ferinis aut ouinis pel¬
273 1559 1745 1672 libus utuntur pro uestibus ‧ Nec quisque meum dicere norat ‧ sed ad in¬
267 1644 1719 1758 star monastice /uite/quicquid habebant bostrum ore corde et opere
267 1727 1730 1842 sonabant ‧ ad stabula non erant repagula ‧ nec portam
279 1812 1748 1927 inopi claudebant ‧ quia neque fur neque latro neque inops
266 1899 1710 2011 quisquam erat ‧ nullum scelus aput eos furto grauius et lat/ro/cinio
273 1995 1712 2097 nullius gentis arma uidere tantummodo sagittas et has propter
273 2079 1710 2181 feriendas feras habuere ‧ Quid plura ‧ Proh dolor ‧ prospera
285 2159 1743 2262 in contraria ‧ communia in propria cedunt ‧ securam paupertatem
273 2252 1743 2350 olim amabilem ‧ quasi cenosam rotam uitant et fugiunt ‧ quia a¬
282 2344 1766 2424 mor habendi seuior ignibus ethne in omnibus ardet ‧ his ac ta¬
279 2427 1761 2514 libus malis emergentibus de die /in diem peius et peius ‧ iniuriam quam ne¬
285 2496 1767 2613 mo prius inferre norat ‧ alter ab altero sibi illatam patienter
