2186 3030
450 277 1964 338 sufferebat et cui querimoniam suam apploraret iudicem nec prin¬
459 355 1920 422 cipem habebat ‧ Post hęc quicumque in sua tribu uel generatione per¬
449 436 1938 514 sona moribus potior ‧ et opibus honoratior habebatur sine exac¬
453 518 1928 599 tore sine sigillo spontanea uoluntate ad illum confluebant et
465 606 1965 687 de dubiis causis ac sibi illatis iniuriis salua libertate dispu¬
462 686 1916 772 tabant ‧ Inter quos uir quidam oriundus extitit nomine Crecko
459 772 1907 860 ex cuius uocabulo castrum iam arboribus obsitum in silua quę
461 856 1949 950 adiacet pagozthecnę situm esse dinoscitur ‧ Vir fuit hic in su¬
450 940 1904 1037 is generationibus ad unguem perfectus rerum secularium opulentia pre¬
462 1029 1892 1121 ditus iudiciorum in deliberatione discretus ‧ ad quem tam de propriis
456 1117 1934 1211 tribubus quam ex totius prouincię plebibus uelut apes ad aluearia
456 1198 1895 1297 ita omnes ad dirimenta conuolant iudicia ‧ Hic tantus ac talis
461 1283 1919 1384 uir expers uirilis fuit prolis ‧ genuit tamen tres natas quibus
450 1370 1907 1469 natura non minores quam solet uiris sapientę dedit dinuincias
416 1456 1946 1555 quarum maior natu nuncupata est kazi quę medee colchi¬
452 1542 1940 1646 ce herbis et c/a/rmine nec peonio magistro artę medicinali
443 1630 1940 1730 cessit quia sepe parcas cessare interminali ab opere ipsaque fa¬
455 1717 1929 1813 ta sequi fecit sua carmine iussa ‧ Vnde et incole huius terrę quan¬
443 1801 1922 1895 do aliquid est perditum et quod se posse rehabere desperant ‧ tale pro¬
458 1879 1910 1985 uerbium de ea ferunt illud nec ipsa potest recuperare kazi ad
440 1960 1883 2069 cereris natam ‧ hec est ubi rapta tyrannam eius usque hodie cernitur
459 2049 1865 2155 tumulus ab colis terrę ob memoriam suę dominę nimis alte
449 2141 1884 2244 congestus super ripam fluminis mse ‧ iuxta uiamqua itur in partes pro¬
452 2224 1862 2330 uincię Behin ‧ per montem qui dicitur osseca ‧ Laude fuit digna
446 2314 1874 2416 sed natu tetnka secunda ‧ expers et maris ‧ emunctę femina
455 2397 1940 2503 naris ‧ quę ex suo nomine thetin castrum natura loci firmissimum
431 2487 1905 2587 prerupte rupis in culmine iuxta fluuium msam edificauit ‧
